% This file was created with JabRef 2.7b.
% Encoding: UTF-8


@article{PhysRevB.71.085104,
  title = {Nonlinear response of Bloch electrons in infinite dimensions},
  author = {Turkowski, V. and Freericks, J. K.},
  journal = {Phys. Rev. B},
  volume = {71},
  issue = {8},
  pages = {085104},
  numpages = {11},
  year = {2005},
  month = {Feb},
  publisher = {American Physical Society},
  doi = {10.1103/PhysRevB.71.085104},
  url = {https://link.aps.org/doi/10.1103/PhysRevB.71.085104}
}

@article{PhysRevB.73.209902,
  title = {Erratum: Spectral moment sum rules for strongly correlated electrons in time-dependent electric fields [Phys. Rev. B 73, 075108 (2006)]},
  author = {Turkowski, V. M and Freericks, J. K.},
  journal = {Phys. Rev. B},
  volume = {73},
  issue = {20},
  pages = {209902},
  numpages = {1},
  year = {2006},
  month = {May},
  publisher = {American Physical Society},
  doi = {10.1103/PhysRevB.73.209902},
  url = {https://link.aps.org/doi/10.1103/PhysRevB.73.209902}
}


@article{PhysRevB.80.115119,
  title = {Inhomogeneous spectral moment sum rules for the retarded Green function and self-energy of strongly correlated electrons or ultracold fermionic atoms in optical lattices},
  author = {Freericks, J. K. and Turkowski, V.},
  journal = {Phys. Rev. B},
  volume = {80},
  issue = {11},
  pages = {115119},
  numpages = {13},
  year = {2009},
  month = {Sep},
  publisher = {American Physical Society},
  doi = {10.1103/PhysRevB.80.115119},
  url = {https://link.aps.org/doi/10.1103/PhysRevB.80.115119}
}

@article{PhysRevLett.112.176404,
  title = {Nonequilibrium ``Melting'' of a Charge Density Wave Insulator via an Ultrafast Laser Pulse},
  author = {Shen, Wen and Ge, Yizhi and Liu, A. Y. and Krishnamurthy, H. R. and Devereaux, T. P. and Freericks, J. K.},
  journal = {Phys. Rev. Lett.},
  volume = {112},
  issue = {17},
  pages = {176404},
  numpages = {5},
  year = {2014},
  month = {May},
  publisher = {American Physical Society},
  doi = {10.1103/PhysRevLett.112.176404},
  url = {https://link.aps.org/doi/10.1103/PhysRevLett.112.176404}
}

@article{PhysRevB.54.12505,
  title = {Quasiparticle bands and superconductivity in bilayer cuprates},
  author = {Liechtenstein, A. I. and Gunnarsson, O. and Andersen, O. K. and Martin, R. M.},
  journal = {Phys. Rev. B},
  volume = {54},
  issue = {17},
  pages = {12505--12508},
  numpages = {0},
  year = {1996},
  month = {Nov},
  publisher = {American Physical Society},
  doi = {10.1103/PhysRevB.54.12505},
  url = {https://link.aps.org/doi/10.1103/PhysRevB.54.12505}
}

@misc{dasari2019revealing,
    title={Revealing Hund's multiplets in Mott insulators under strong electric fields},
    author={Nagamalleswararao Dasari and Jiajun Li and Philipp Werner and Martin Eckstein},
    year={2019},
    eprint={1907.00754},
    archivePrefix={arXiv},
    primaryClass={cond-mat.str-el}
}

@article{Basov,
  title = {Towards properties on demand in quantum materials},
  author = {Basov, D. N. and Averitt, R. D. and Hsieh, D.},
  journal = {Nature Materials},
  volume = {16},
  pages = {1077},
  year = {2017},
  month = {Okt},
  publisher = {Nature Publishing Group},
  doi = {10.1038/nmat5017},
  url = {https://doi.org/10.1038/nmat5017}
}


@article{Mentink2015,
  title = {Ultrafast and reversible control of the exchange interaction in Mott insulators},
  author = {Mentink, and J. H. Balzer, K. and Eckstein, M.},
  journal = {Nature Communications},
  volume = {6},
  issue = {1},
  pages = {6708},
  year = {2015},
  month = {March},
  doi = {10.1038/ncomms7708},
  url = {https://doi.org/10.1038/ncomms7708}
}

@article{PhysRevB.93.144307,
  title = {Brillouin-Wigner theory for high-frequency expansion in periodically driven systems: Application to Floquet topological insulators},
  author = {Mikami, Takahiro and Kitamura, Sota and Yasuda, Kenji and Tsuji, Naoto and Oka, Takashi and Aoki, Hideo},
  journal = {Phys. Rev. B},
  volume = {93},
  issue = {14},
  pages = {144307},
  numpages = {25},
  year = {2016},
  month = {Apr},
  publisher = {American Physical Society},
  doi = {10.1103/PhysRevB.93.144307},
  url = {https://link.aps.org/doi/10.1103/PhysRevB.93.144307}
}

@article{Kitamura_AR_2019,
author = {Oka, Takashi and Kitamura, Sota},
title = {Floquet Engineering of Quantum Materials},
journal = {Annual Review of Condensed Matter Physics},
volume = {10},
number = {1},
pages = {387-408},
year = {2019},
doi = {10.1146/annurev-conmatphys-031218-013423},
URL = { https://doi.org/10.1146/annurev-conmatphys-031218-013423},
eprint = {https://doi.org/10.1146/annurev-conmatphys-031218-013423},
}

@ARTICLE{Peierls_1,
   author = {{Peierls}, R.},
    title = "{Zur Theorie des Diamagnetismus von Leitungselektronen}",
  journal = {Zeitschrift fur Physik},
     year = 1933,
    month = nov,
   volume = 80,
    pages = {763-791},
      doi = {10.1007/BF01342591},
   adsurl = {https://ui.adsabs.harvard.edu/abs/1933ZPhy...80..763P},
}

@article{Naoto_PRL_2011,
  title = {Dynamical Band Flipping in Fermionic Lattice Systems: An ac-Field-Driven Change of the Interaction from Repulsive to Attractive},
  author = {Tsuji, Naoto and Oka, Takashi and Werner, Philipp and Aoki, Hideo},
  journal = {Phys. Rev. Lett.},
  volume = {106},
  issue = {23},
  pages = {236401},
  numpages = {4},
  year = {2011},
  month = {Jun},
  publisher = {American Physical Society},
  doi = {10.1103/PhysRevLett.106.236401},
  url = {https://link.aps.org/doi/10.1103/PhysRevLett.106.236401}
}

@article{Joura,
  title = {Long-lived nonequilibrium states in the Hubbard model with an electric field},
  author = {Joura, Alexander V. and Freericks, J. K. and Lichtenstein, Alexander I.},
  journal = {Phys. Rev. B},
  volume = {91},
  issue = {24},
  pages = {245153},
  numpages = {9},
  year = {2015},
  month = {Jun},
  publisher = {American Physical Society},
  doi = {10.1103/PhysRevB.91.245153},
  url = {https://link.aps.org/doi/10.1103/PhysRevB.91.245153}
}

@article{PhysRevLett.97.266408,
  title = {Nonequilibrium Dynamical Mean-Field Theory},
  author = {Freericks, J. K. and Turkowski, V. M. and Zlati\ifmmode \acute{c}\else \'{c}\fi{}, V.},
  journal = {Phys. Rev. Lett.},
  volume = {97},
  issue = {26},
  pages = {266408},
  numpages = {4},
  year = {2006},
  month = {Dec},
  publisher = {American Physical Society},
  doi = {10.1103/PhysRevLett.97.266408},
  url = {https://link.aps.org/doi/10.1103/PhysRevLett.97.266408}
}

@misc{schmidt2002,
    title={Nonequilibrium dynamical mean-field theory of a strongly correlated system},
    author={P. Schmidt and H. Monien},
    year={2002},
    eprint={cond-mat/0202046},
    archivePrefix={arXiv},
    primaryClass={cond-mat.str-el}
}

@article{RMP14,
  title = {Nonequilibrium dynamical mean-field theory and its applications},
  author = {Aoki, Hideo and Tsuji, Naoto and Eckstein, Martin and Kollar, Marcus and Oka, Takashi and Werner, Philipp},
  journal = {Rev. Mod. Phys.},
  volume = {86},
  issue = {2},
  pages = {779--837},
  numpages = {59},
  year = {2014},
  month = {Jun},
  publisher = {American Physical Society},
  doi = {10.1103/RevModPhys.86.779},
  url = {https://link.aps.org/doi/10.1103/RevModPhys.86.779}
}

@article{PhysRevB.81.115131,
  title = {Interaction quench in the Hubbard model: Relaxation of the spectral function and the optical conductivity},
  author = {Eckstein, Martin and Kollar, Marcus and Werner, Philipp},
  journal = {Phys. Rev. B},
  volume = {81},
  issue = {11},
  pages = {115131},
  numpages = {17},
  year = {2010},
  month = {Mar},
  publisher = {American Physical Society},
  doi = {10.1103/PhysRevB.81.115131},
  url = {https://link.aps.org/doi/10.1103/PhysRevB.81.115131}
}

@article{PhysRevB.88.165115,
  title = {Nonequilibrium dynamical mean-field theory based on weak-coupling perturbation expansions: Application to dynamical symmetry breaking in the Hubbard model},
  author = {Tsuji, Naoto and Werner, Philipp},
  journal = {Phys. Rev. B},
  volume = {88},
  issue = {16},
  pages = {165115},
  numpages = {28},
  year = {2013},
  month = {Oct},
  publisher = {American Physical Society},
  doi = {10.1103/PhysRevB.88.165115},
  url = {https://link.aps.org/doi/10.1103/PhysRevB.88.165115}
}

@article{RevModPhys.68.13,
  title = {Dynamical mean-field theory of strongly correlated fermion systems and the limit of infinite dimensions},
  author = {Georges, Antoine and Kotliar, Gabriel and Krauth, Werner and Rozenberg, Marcelo J.},
  journal = {Rev. Mod. Phys.},
  volume = {68},
  issue = {1},
  pages = {13--125},
  numpages = {0},
  year = {1996},
  month = {Jan},
  publisher = {American Physical Society},
  doi = {10.1103/RevModPhys.68.13},
  url = {https://link.aps.org/doi/10.1103/RevModPhys.68.13}
}

@article{Ptok_Andrzej,
  title = {Magnetic Lifshitz transition and its consequences in multi-band iron-based superconductors},
  author = {Ptok, Andrzej and Kapcia, Konrad J and Cichy, Agnieszka and Oles, Andrzej M and Piekarz, Przemyslaw},
  journal = {Scientific reports},
  volume = {7},
  year = {2017},
  month = {Feb},
  publisher = {Nature Publishing Group},
  doi = {10.1038/srep41979},
  url = {https://www.ncbi.nlm.nih.gov/pubmed/28165043}
}

@article{Principi_2016,
author = {Principi,E.  and Giangrisostomi,E.  and Cucini,R.  and Bencivenga,F.  and Battistoni,A.  and Gessini,A.  and Mincigrucci,R.  and Saito,M.  and Di Fonzo,S.  and D'Amico,F.  and Di Cicco,A.  and Gunnella,R.  and Filipponi,A.  and Giglia,A.  and Nannarone,S.  and Masciovecchio,C. },
title = {Free electron laser-driven ultrafast rearrangement of the electronic structure in Ti},
journal = {Structural Dynamics},
volume = {3},
number = {2},
pages = {023604},
year = {2016},
doi = {10.1063/1.4935687},
URL = {https://doi.org/10.1063/1.4935687},
eprint = {https://doi.org/10.1063/1.4935687}
}

@article{PhysRevLett.121.097001,
  title = {Effects of Lifshitz Transitions in Ferromagnetic Superconductors: The Case of URhGe},
  author = {Sherkunov, Yury and Chubukov, Andrey V. and Betouras, Joseph J.},
  journal = {Phys. Rev. Lett.},
  volume = {121},
  issue = {9},
  pages = {097001},
  numpages = {5},
  year = {2018},
  month = {Aug},
  publisher = {American Physical Society},
  doi = {10.1103/PhysRevLett.121.097001},
  url = {https://link.aps.org/doi/10.1103/PhysRevLett.121.097001}
}

@article{PhysRevB.81.180513,
  title = {Lifshitz transition in underdoped cuprates},
  author = {Norman, M. R. and Lin, Jie and Millis, A. J.},
  journal = {Phys. Rev. B},
  volume = {81},
  issue = {18},
  pages = {180513},
  numpages = {4},
  year = {2010},
  month = {May},
  publisher = {American Physical Society},
  doi = {10.1103/PhysRevB.81.180513},
  url = {https://link.aps.org/doi/10.1103/PhysRevB.81.180513}
}

@article{PhysRevLett.120.067002,
  title = {Correlation-Driven Lifshitz Transition at the Emergence of the Pseudogap Phase in the Two-Dimensional Hubbard Model},
  author = {Bragan\ifmmode \mbox{\c{c}}\else \c{c}\fi{}a, Helena and Sakai, Shiro and Aguiar, M. C. O. and Civelli, Marcello},
  journal = {Phys. Rev. Lett.},
  volume = {120},
  issue = {6},
  pages = {067002},
  numpages = {6},
  year = {2018},
  month = {Feb},
  publisher = {American Physical Society},
  doi = {10.1103/PhysRevLett.120.067002},
  url = {https://link.aps.org/doi/10.1103/PhysRevLett.120.067002}
}

@article{PhysRevLett.96.026401,
  title = {Continuous Evolution of the Fermi Surface of ${\mathrm{CeRu}}_{2}{\mathrm{Si}}_{2}$ across the Metamagnetic Transition},
  author = {Daou, R. and Bergemann, C. and Julian, S. R.},
  journal = {Phys. Rev. Lett.},
  volume = {96},
  issue = {2},
  pages = {026401},
  numpages = {4},
  year = {2006},
  month = {Jan},
  publisher = {American Physical Society},
  doi = {10.1103/PhysRevLett.96.026401},
  url = {https://link.aps.org/doi/10.1103/PhysRevLett.96.026401}
}

@article{PhysRevB.86.075108,
  title = {Metamagnetism and Lifshitz transitions in models for heavy fermions},
  author = {Bercx, M. and Assaad, F. F.},
  journal = {Phys. Rev. B},
  volume = {86},
  issue = {7},
  pages = {075108},
  numpages = {8},
  year = {2012},
  month = {Aug},
  publisher = {American Physical Society},
  doi = {10.1103/PhysRevB.86.075108},
  url = {https://link.aps.org/doi/10.1103/PhysRevB.86.075108}
}

@article{PhysRevLett.110.256403,
  title = {Interplay between Kondo Suppression and Lifshitz Transitions in ${\mathrm{YbRh}}_{2}{\mathrm{Si}}_{2}$ at High Magnetic Fields},
  author = {Pfau, H. and Daou, R. and Lausberg, S. and Naren, H. R. and Brando, M. and Friedemann, S. and Wirth, S. and Westerkamp, T. and Stockert, U. and Gegenwart, P. and Krellner, C. and Geibel, C. and Zwicknagl, G. and Steglich, F.},
  journal = {Phys. Rev. Lett.},
  volume = {110},
  issue = {25},
  pages = {256403},
  numpages = {5},
  year = {2013},
  month = {Jun},
  publisher = {American Physical Society},
  doi = {10.1103/PhysRevLett.110.256403},
  url = {https://link.aps.org/doi/10.1103/PhysRevLett.110.256403}
}

@article{PhysRevLett.116.037202,
  title = {Field-Induced Lifshitz Transition without Metamagnetism in ${\mathrm{CeIrIn}}_{5}$},
  author = {Aoki, D. and Seyfarth, G. and Pourret, A. and Gourgout, A. and McCollam, A. and Bruin, J. A. N. and Krupko, Y. and Sheikin, I.},
  journal = {Phys. Rev. Lett.},
  volume = {116},
  issue = {3},
  pages = {037202},
  numpages = {5},
  year = {2016},
  month = {Jan},
  publisher = {American Physical Society},
  doi = {10.1103/PhysRevLett.116.037202},
  url = {https://link.aps.org/doi/10.1103/PhysRevLett.116.037202}
}

@article{PhysRevB.83.020501,
  title = {Universality of superconducting gaps in overdoped Ba${}_{0.3}$K${}_{0.7}$Fe${}_{2}$As${}_{2}$ observed by angle-resolved photoemission spectroscopy},
  author = {Nakayama, K. and Sato, T. and Richard, P. and Xu, Y.-M. and Kawahara, T. and Umezawa, K. and Qian, T. and Neupane, M. and Chen, G. F. and Ding, H. and Takahashi, T.},
  journal = {Phys. Rev. B},
  volume = {83},
  issue = {2},
  pages = {020501},
  numpages = {4},
  year = {2011},
  month = {Jan},
  publisher = {American Physical Society},
  doi = {10.1103/PhysRevB.83.020501},
  url = {https://link.aps.org/doi/10.1103/PhysRevB.83.020501}
}

@article{PhysRevB.86.165117,
  title = {Abrupt change in the energy gap of superconducting Ba${}_{1\ensuremath{-}x}$K${}_{x}$Fe${}_{2}$As${}_{2}$ single crystals with hole doping},
  author = {Malaeb, W. and Shimojima, T. and Ishida, Y. and Okazaki, K. and Ota, Y. and Ohgushi, K. and Kihou, K. and Saito, T. and Lee, C. H. and Ishida, S. and Nakajima, M. and Uchida, S. and Fukazawa, H. and Kohori, Y. and Iyo, A. and Eisaki, H. and Chen, C.-T. and Watanabe, S. and Ikeda, H. and Shin, S.},
  journal = {Phys. Rev. B},
  volume = {86},
  issue = {16},
  pages = {165117},
  numpages = {7},
  year = {2012},
  month = {Oct},
  publisher = {American Physical Society},
  doi = {10.1103/PhysRevB.86.165117},
  url = {https://link.aps.org/doi/10.1103/PhysRevB.86.165117}
}

@article{PhysRevB.88.220508,
  title = {Possible nodal superconducting gap and Lifshitz transition in heavily hole-doped Ba${}_{0.1}$K${}_{0.9}$Fe${}_{2}$As${}_{2}$},
  author = {Xu, N. and Richard, P. and Shi, X. and van Roekeghem, A. and Qian, T. and Razzoli, E. and Rienks, E. and Chen, G.-F. and Ieki, E. and Nakayama, K. and Sato, T. and Takahashi, T. and Shi, M. and Ding, H.},
  journal = {Phys. Rev. B},
  volume = {88},
  issue = {22},
  pages = {220508},
  numpages = {5},
  year = {2013},
  month = {Dec},
  publisher = {American Physical Society},
  doi = {10.1103/PhysRevB.88.220508},
  url = {https://link.aps.org/doi/10.1103/PhysRevB.88.220508}
}

@article{PhysRevLett.112.156401,
  title = {Lifshitz Transition and Chemical Instabilities in ${\mathrm{Ba}}_{1\ensuremath{-}x}{\mathrm{K}}_{x}{\mathrm{Fe}}_{2}{\mathrm{As}}_{2}$ Superconductors},
  author = {Khan, Suffian N. and Johnson, Duane D.},
  journal = {Phys. Rev. Lett.},
  volume = {112},
  issue = {15},
  pages = {156401},
  numpages = {5},
  year = {2014},
  month = {Apr},
  publisher = {American Physical Society},
  doi = {10.1103/PhysRevLett.112.156401},
  url = {https://link.aps.org/doi/10.1103/PhysRevLett.112.156401}
}

@article{PhysRevB.90.224508,
  title = {Crossover in the magnetic response of single-crystalline ${\mathrm{Ba}}_{1\ensuremath{-}x}{\mathrm{K}}_{x}{\mathrm{Fe}}_{2}{\mathrm{As}}_{2}$ and Lifshitz critical point evidenced by Hall effect measurements},
  author = {Liu, Yong and Lograsso, Thomas A.},
  journal = {Phys. Rev. B},
  volume = {90},
  issue = {22},
  pages = {224508},
  numpages = {9},
  year = {2014},
  month = {Dec},
  publisher = {American Physical Society},
  doi = {10.1103/PhysRevB.90.224508},
  url = {https://link.aps.org/doi/10.1103/PhysRevB.90.224508}
}


@article{Liu_2010_FS,
  title = {Evidence for a Lifshitz transition in electron-doped iron arsenic superconductors at the onset of superconductivity},
  author = {Liu, Chang and Kondo, Takeshi and Fernandes, Rafael M. and Palczewski, Ari D. and Mun, Eun Deok and Ni, Ni and Thaler, Alexander N. and Bostwick, Aaron and Rotenberg, Eli and Schmalian, Jörg and Bud’ko, Sergey L. and Canfield, Paul C. and Kaminski, Adam},
  journal = {Nature Physics},
  volume = {6},
  issue = {6},
  pages = {419},
  year = {2010},
  month = {Jun},
  doi = {10.1038/nphys1656},
  url = {https://doi.org/10.1038/nphys1656}
}

@article{PhysRevB.83.054506,
  title = {Lifshitz critical point in the cuprate superconductor ${\mathrm{YBa}}_{2}{\mathrm{Cu}}_{3}{\mathrm{O}}_{y}$ from high-field Hall effect measurements},
  author = {LeBoeuf, David and Doiron-Leyraud, Nicolas and Vignolle, B. and Sutherland, Mike and Ramshaw, B. J. and Levallois, J. and Daou, R. and Lalibert\'e, Francis and Cyr-Choini\`ere, Olivier and Chang, Johan and Jo, Y. J. and Balicas, L. and Liang, Ruixing and Bonn, D. A. and Hardy, W. N. and Proust, Cyril and Taillefer, Louis},
  journal = {Phys. Rev. B},
  volume = {83},
  issue = {5},
  pages = {054506},
  numpages = {14},
  year = {2011},
  month = {Feb},
  publisher = {American Physical Society},
  doi = {10.1103/PhysRevB.83.054506},
  url = {https://link.aps.org/doi/10.1103/PhysRevB.83.054506}
}

@article{PhysRevLett.114.147001,
  title = {Collapse of the Normal-State Pseudogap at a Lifshitz Transition in the ${\mathrm{Bi}}_{2}{\mathrm{Sr}}_{2}{\mathrm{CaCu}}_{2}{\mathrm{O}}_{8+\ensuremath{\delta}}$ Cuprate Superconductor},
  author = {Benhabib, S. and Sacuto, A. and Civelli, M. and Paul, I. and Cazayous, M. and Gallais, Y. and M\'easson, M.-A. and Zhong, R. D. and Schneeloch, J. and Gu, G. D. and Colson, D. and Forget, A.},
  journal = {Phys. Rev. Lett.},
  volume = {114},
  issue = {14},
  pages = {147001},
  numpages = {5},
  year = {2015},
  month = {Apr},
  publisher = {American Physical Society},
  doi = {10.1103/PhysRevLett.114.147001},
  url = {https://link.aps.org/doi/10.1103/PhysRevLett.114.147001}
}

@article{PhysRevB.81.121102,
  title = {Discontinuous Lifshitz transition achieved by band-filling control in ${\text{Na}}_{x}{\text{CoO}}_{2}$},
  author = {Okamoto, Yoshihiko and Nishio, Atsushi and Hiroi, Zenji},
  journal = {Phys. Rev. B},
  volume = {81},
  issue = {12},
  pages = {121102},
  numpages = {4},
  year = {2010},
  month = {Mar},
  publisher = {American Physical Society},
  doi = {10.1103/PhysRevB.81.121102},
  url = {https://link.aps.org/doi/10.1103/PhysRevB.81.121102}
}
