%theory
%\citep{1989AnPhy.193..206B}


%introduction_1

@Article{Parra2003,
author="Parra, E.
and McNaught, S.J.
and Fan, J.
and Milchberg, H.M.",
title="Pump--probe studies of EUV and X-ray emission dynamics of laser-irradiated noble gas droplets",
journal="Applied Physics A",
year="2003",
month="Jul",
day="01",
volume="77",
number="2",
pages="317--323",
issn="1432-0630",
doi="10.1007/s00339-003-2140-6",
url="https://doi.org/10.1007/s00339-003-2140-6"
}

@article{Maltezopoulos_2008,
	doi = {10.1088/1367-2630/10/3/033026},
	url = {https://doi.org/10.1088%2F1367-2630%2F10%2F3%2F033026},
	year = 2008,
	month = {mar},
	publisher = {{IOP} Publishing},
	volume = {10},
	number = {3},
	pages = {033026},
	author = {Theophilos Maltezopoulos and Stefan Cunovic and Marek Wieland and Martin Beye and Armin Azima and Harald Redlin and Maria Krikunova and Roland Kalms and Ulrike Frühling and Filip Budzyn and Wilfried Wurth and Alexander Föhlisch and Markus Drescher},
	title = {Single~-~shot timing measurement of extreme~-~ultraviolet free~-~electron laser pulses},
	journal = {New Journal of Physics},
}

@article{PhysRevApplied.3.051002,
  title = {Ultrabroadband Midinfrared Pump~-~Probe Spectroscopy Using Chirped~-~Pulse Up~-~conversion in Gases},
  author = {Shirai, Hideto and Yeh, Tien-Tien and Nomura, Yutaka and Luo, Chih-Wei and Fuji, Takao},
  journal = {Phys. Rev. Applied},
  volume = {3},
  issue = {5},
  pages = {051002},
  numpages = {5},
  year = {2015},
  month = {May},
  publisher = {American Physical Society},
  doi = {10.1103/PhysRevApplied.3.051002},
  url = {https://link.aps.org/doi/10.1103/PhysRevApplied.3.051002}
}


@Article{C9CP00855A,
author ="Pastorczak, Marcin and Nejbauer, Michał and Radzewicz, Czesław",
title  ="Femtosecond infrared pump–stimulated Raman probe spectroscopy: the first application of the method to studies of vibrational relaxation pathways in the liquid HDO/D2O system",
journal  ="Phys. Chem. Chem. Phys.",
year  ="2019",
volume  ="21",
issue  ="31",
pages  ="16895-16904",
publisher  ="The Royal Society of Chemistry",
doi  ="10.1039/C9CP00855A",
url  ="http://dx.doi.org/10.1039/C9CP00855A",
}

@article {Steinmeyer1507,
	author = {Steinmeyer, G. and Sutter, D. H. and Gallmann, L. and Matuschek, N. and Keller, U.},
	title = {Frontiers in Ultrashort Pulse Generation: Pushing the Limits in Linear and Nonlinear Optics},
	volume = {286},
	number = {5444},
	pages = {1507--1512},
	year = {1999},
	doi = {10.1126/science.286.5444.1507},
	publisher = {American Association for the Advancement of Science},
	issn = {0036-8075},
	URL = {https://science.sciencemag.org/content/286/5444/1507},
	eprint = {https://science.sciencemag.org/content/286/5444/1507.full.pdf},
	journal = {Science}
}

@article {Hentschel_2001,
	author = {Hentschel, M. and Kienberger, R. and Spielmann, Ch. and Reider, G. A. and Milosevic, N. and Brabec, T. and Corkum, P. and Heinzmann, U. and Drescher, M. and Krausz, F.},
	title = {Attosecond metrology},
	volume = {414},
	number = {1476-4687},
	year = {2001},
	doi = {10.1038/35107000},
	URL = {https://doi.org/10.1038/35107000},
	journal = {Nature}
}

@article {McNeil_2010,
	author = {McNeil, Brian W. J. and Thompson, Neil R.},
	title = {X-ray free-electron lasers},
	volume = {4},
	number = {1749-4893},
	year = {2010},
	doi = {10.1038/nphoton.2010.239},
	URL = {https://doi.org/10.1038/nphoton.2010.239},
	journal = {Nature Photonics}
}

@article {Dunne_Mike_2018,
	author = {Dunne, Mike},
	title = {X-ray free-electron lasers light up materials science},
	volume = {3},
	number = {2058-8437},
	year = {2018},
	doi = {10.1038/s41578-018-0048-1},
	URL = {https://doi.org/10.1038/s41578-018-0048-1},
	journal = {Nature Reviews Materials}
}



@article{PhysRevLett.112.087402,
  title = {Ultrafast Photoemission Spectroscopy of the Uranium Dioxide ${\mathrm{UO}}_{2}$ Mott Insulator: Evidence for a Robust Energy Gap Structure},
  author = {Gilbertson, Steve M. and Durakiewicz, Tomasz and Dakovski, Georgi L. and Li, Yinwan and Zhu, Jian-Xin and Conradson, Steven D. and Trugman, Stuart A. and Rodriguez, George},
  journal = {Phys. Rev. Lett.},
  volume = {112},
  issue = {8},
  pages = {087402},
  numpages = {5},
  year = {2014},
  month = {Feb},
  publisher = {American Physical Society},
  doi = {10.1103/PhysRevLett.112.087402},
  url = {https://link.aps.org/doi/10.1103/PhysRevLett.112.087402}
}


@article{PhysRevB.89.205114,
  title = {Ultrafast photoinduced transition of an insulating ${\mathrm{VO}}_{2}$ thin film into a nonrutile metallic state},
  author = {Yoshida, Rikiya and Yamamoto, Takashi and Ishida, Yukiaki and Nagao, Hiroki and Otsuka, Tsubasa and Saeki, Kuninari and Muraoka, Yuji and Eguchi, Ritsuko and Ishizaka, Kyoko and Kiss, Takayuki and Watanabe, Shuntaro and Kanai, Teruto and Itatani, Jiro and Shin, Shik},
  journal = {Phys. Rev. B},
  volume = {89},
  issue = {20},
  pages = {205114},
  numpages = {7},
  year = {2014},
  month = {May},
  publisher = {American Physical Society},
  doi = {10.1103/PhysRevB.89.205114},
  url = {https://link.aps.org/doi/10.1103/PhysRevB.89.205114}
}

@article{PhysRevLett.113.216401,
  title = {Instantaneous Band Gap Collapse in Photoexcited Monoclinic ${\mathrm{VO}}_{2}$ due to Photocarrier Doping},
  author = {Wegkamp, Daniel and Herzog, Marc and Xian, Lede and Gatti, Matteo and Cudazzo, Pierluigi and McGahan, Christina L. and Marvel, Robert E. and Haglund, Richard F. and Rubio, Angel and Wolf, Martin and St\"ahler, Julia},
  journal = {Phys. Rev. Lett.},
  volume = {113},
  issue = {21},
  pages = {216401},
  numpages = {5},
  year = {2014},
  month = {Nov},
  publisher = {American Physical Society},
  doi = {10.1103/PhysRevLett.113.216401},
  url = {https://link.aps.org/doi/10.1103/PhysRevLett.113.216401}
}

@article{Nature_Materials_12_1119_1124,
  title = {Snapshots of non-equilibrium Dirac carrier distributions in graphene},
  author = {Gierz, Isabella and Petersen, Jesse C. and Mitrano, Matteo and Cacho, Cephise and Turcu, I. C. Edmond and Springate, Emma and Stöhr, Alexander and Köhler, Axel and Starke, Ulrich and Cavalleri, Andrea},
  journal = {Nat. Mater.},
  volume = {12},
  pages = {1119–1124},
  year = {2013},
  month = {Okt},
  publisher = {Nature Publishing Group},
  doi = {10.1103/PhysRevLett.113.216401},
  url = {https://doi.org/10.1038/nmat3757}
}


@article{doi:10.1063/1.4871381,
author = {Someya,T.  and Fukidome,H.  and Ishida,Y.  and Yoshida,R.  and Iimori,T.  and Yukawa,R.  and Akikubo,K.  and Yamamoto,Sh.  and Yamamoto,S.  and Yamamoto,T.  and Kanai,T.  and Funakubo,K.  and Suemitsu,M.  and Itatani,J.  and Komori,F.  and Shin,S.  and Matsuda,I. },
title = {Observing hot carrier distribution in an n-type epitaxial graphene on a SiC substrate},
journal = {Applied Physics Letters},
volume = {104},
number = {16},
pages = {161103},
year = {2014},
doi = {10.1063/1.4871381},
URL = {https://doi.org/10.1063/1.4871381},
}


@article{PhysRevLett.76.483,
  title = {Energy Dependence of Electron Lifetime in Graphite Observed with Femtosecond Photoemission Spectroscopy},
  author = {Xu, S. and Cao, J. and Miller, C. C. and Mantell, D. A. and Miller, R. J. D. and Gao, Y.},
  journal = {Phys. Rev. Lett.},
  volume = {76},
  issue = {3},
  pages = {483--486},
  year = {1996},
  month = {Jan},
  publisher = {American Physical Society},
  doi = {10.1103/PhysRevLett.76.483},
  url = {https://link.aps.org/doi/10.1103/PhysRevLett.76.483}
}

 
@article{PhysRevLett.87.267402,
  title = {Anisotropy of Quasiparticle Lifetimes and the Role of Disorder in Graphite from Ultrafast Time-Resolved Photoemission Spectroscopy},
  author = {Moos, Gunnar and Gahl, Cornelius and Fasel, Roman and Wolf, Martin and Hertel, Tobias},
  journal = {Phys. Rev. Lett.},
  volume = {87},
  issue = {26},
  pages = {267402},
  numpages = {4},
  year = {2001},
  month = {Dec},
  publisher = {American Physical Society},
  doi = {10.1103/PhysRevLett.87.267402},
  url = {https://link.aps.org/doi/10.1103/PhysRevLett.87.267402}
}


@article{PhysRevLett.112.257401,
  title = {Ultrafast Dynamics of Massive Dirac Fermions in Bilayer Graphene},
  author = {Ulstrup, S\o{}ren and Johannsen, Jens Christian and Cilento, Federico and Miwa, Jill A. and Crepaldi, Alberto and Zacchigna, Michele and Cacho, Cephise and Chapman, Richard and Springate, Emma and Mammadov, Samir and Fromm, Felix and Raidel, Christian and Seyller, Thomas and Parmigiani, Fulvio and Grioni, Marco and King, Phil D. C. and Hofmann, Philip},
  journal = {Phys. Rev. Lett.},
  volume = {112},
  issue = {25},
  pages = {257401},
  numpages = {5},
  year = {2014},
  month = {Jun},
  publisher = {American Physical Society},
  doi = {10.1103/PhysRevLett.112.257401},
  url = {https://link.aps.org/doi/10.1103/PhysRevLett.112.257401}
}


@article{PhysRevB.92.184303,
  title = {Hot electron cooling in graphite: Supercollision versus hot phonon decay},
  author = {Stange, A. and Sohrt, C. and Yang, L. X. and Rohde, G. and Janssen, K. and Hein, P. and Oloff, L.-P. and Hanff, K. and Rossnagel, K. and Bauer, M.},
  journal = {Phys. Rev. B},
  volume = {92},
  issue = {18},
  pages = {184303},
  numpages = {7},
  year = {2015},
  month = {Nov},
  publisher = {American Physical Society},
  doi = {10.1103/PhysRevB.92.184303},
  url = {https://link.aps.org/doi/10.1103/PhysRevB.92.184303}
}


@article{PhysRevB.81.113203,
  title = {Direct observation of the dispersion and relaxation of photoexcited electrons in InAs},
  author = {Azuma, Junpei and Takahashi, Kazutoshi and Kamada, Masao},
  journal = {Phys. Rev. B},
  volume = {81},
  issue = {11},
  pages = {113203},
  numpages = {4},
  year = {2010},
  month = {Mar},
  publisher = {American Physical Society},
  doi = {10.1103/PhysRevB.81.113203},
  url = {https://link.aps.org/doi/10.1103/PhysRevB.81.113203}
}


@article{PhysRevLett.99.197001,
  title = {Ultrafast Electron Relaxation in Superconducting ${\mathrm{Bi}}_{2}{\mathrm{Sr}}_{2}{\mathrm{CaCu}}_{2}{\mathrm{O}}_{8+\ensuremath{\delta}}$ by Time-Resolved Photoelectron Spectroscopy},
  author = {Perfetti, L. and Loukakos, P. A. and Lisowski, M. and Bovensiepen, U. and Eisaki, H. and Wolf, M.},
  journal = {Phys. Rev. Lett.},
  volume = {99},
  issue = {19},
  pages = {197001},
  numpages = {4},
  year = {2007},
  month = {Nov},
  publisher = {American Physical Society},
  doi = {10.1103/PhysRevLett.99.197001},
  url = {https://link.aps.org/doi/10.1103/PhysRevLett.99.197001}
}


@article{PhysRevLett.107.097002,
  %title = {Momentum-Resolved Ultrafast Electron Dynamics in Superconducting 
  %${\mathrm{Bi}}_{2}{\mathrm{Sr}}_{2}{\mathrm{CaCu}}_{2}{\mathbf{O}}_{8+\ensuremath{\delta}}$},
  author = {Cort\'es, R. and Rettig, L. and Yoshida, Y. and Eisaki, H. and Wolf, M. and Bovensiepen, U.},
  journal = {Phys. Rev. Lett.},
  volume = {107},
  issue = {9},
  pages = {097002},
  numpages = {4},
  year = {2011},
  month = {Aug},
  publisher = {American Physical Society},
  doi = {10.1103/PhysRevLett.107.097002},
  url = {https://link.aps.org/doi/10.1103/PhysRevLett.107.097002}
}


@article {Smallwood1137,
	author = {Smallwood, Christopher L. and Hinton, James P. and Jozwiak, Christopher and Zhang, Wentao and Koralek, Jake D. and Eisaki, Hiroshi and Lee, Dung-Hai and Orenstein, Joseph and Lanzara, Alessandra},
	title = {Tracking Cooper Pairs in a Cuprate Superconductor by Ultrafast Angle-Resolved Photoemission},
	volume = {336},
	number = {6085},
	pages = {1137--1139},
	year = {2012},
	doi = {10.1126/science.1217423},
	publisher = {American Association for the Advancement of Science},
	issn = {0036-8075},
	URL = {https://science.sciencemag.org/content/336/6085/1137},
	eprint = {https://science.sciencemag.org/content/336/6085/1137.full.pdf},
	journal = {Science}
}


@article{Sci_Rep_6_18747_2016,
  title = {Quasi-particles ultrafastly releasing kink bosons to form Fermi arcs in a cuprate superconductor},
  author = {Ishida, Y. and  Saitoh, T. and Mochiku, T. and Nakane, T. and Hirata, K. and Shin, S.},
  journal = {Sci. Rep.},
  volume = {6},
  pages = {18747},
  year = {2016},
  url = {https://doi.org/10.1038/srep18747}
}

 
@article {Wang453,
	author = {Wang, Y. H. and Steinberg, H. and Jarillo-Herrero, P. and Gedik, N.},
	title = {Observation of Floquet-Bloch States on the Surface of a Topological Insulator},
	volume = {342},
	number = {6157},
	pages = {453--457},
	year = {2013},
	doi = {10.1126/science.1239834},
	publisher = {American Association for the Advancement of Science},
	issn = {0036-8075},
	URL = {https://science.sciencemag.org/content/342/6157/453},
	eprint = {https://science.sciencemag.org/content/342/6157/453.full.pdf},
	journal = {Science}
}


@article{Sci_Rep_5_13213_2015,
  title = {Ultrafast electron dynamics at the Dirac node of the topological insulator $Sb_2Te_3$},
  author = {Zhu, Siyuan and Ishida, Yukiaki  and Kuroda, Kenta and Sumida, Kazuki and Ye, Mao and Wang, Jiajia and Pan, Hong and Taniguchi, Masaki and Qiao, Shan and Shin, Shik and Kimura, Akio},
  journal = {Sci. Rep.},
  volume = {5},
  pages = {13213},
  year = {2015},
  url = {https://doi.org/10.1038/srep13213}
}


@article{PhysRevLett.108.117403,
  title = {Ultrafast Optical Excitation of a Persistent Surface-State Population in the Topological Insulator ${\mathrm{Bi}}_{2}{\mathrm{Se}}_{3}$},
  author = {Sobota, J. A. and Yang, S. and Analytis, J. G. and Chen, Y. L. and Fisher, I. R. and Kirchmann, P. S. and Shen, Z.-X.},
  journal = {Phys. Rev. Lett.},
  volume = {108},
  issue = {11},
  pages = {117403},
  numpages = {5},
  year = {2012},
  month = {Mar},
  publisher = {American Physical Society},
  doi = {10.1103/PhysRevLett.108.117403},
  url = {https://link.aps.org/doi/10.1103/PhysRevLett.108.117403}
}

@article{PhysRevLett.109.127401,
  title = {Measurement of Intrinsic Dirac Fermion Cooling on the Surface of the Topological Insulator ${\mathrm{Bi}}_{2}{\mathrm{Se}}_{3}$ Using Time-Resolved and Angle-Resolved Photoemission Spectroscopy},
  author = {Wang, Y. H. and Hsieh, D. and Sie, E. J. and Steinberg, H. and Gardner, D. R. and Lee, Y. S. and Jarillo-Herrero, P. and Gedik, N.},
  journal = {Phys. Rev. Lett.},
  volume = {109},
  issue = {12},
  pages = {127401},
  numpages = {5},
  year = {2012},
  month = {Sep},
  publisher = {American Physical Society},
  doi = {10.1103/PhysRevLett.109.127401},
  url = {https://link.aps.org/doi/10.1103/PhysRevLett.109.127401}
}


@article{Nat_Commun_5_3003_2014,
  title = {Tuning a Schottky barrier in a photoexcited topological insulator with transient Dirac cone electron-hole asymmetry},
  author = {Hajlaoui, M. and Papalazarou, E.  and Mauchain, J. and Perfetti, L. and Taleb-Ibrahimi, A. and Navarin, F. and Monteverde, M. and Auban-Senzier, P. and Pasquier, C.R. and Moisan, N. and Boschetto, D. and Neupane, M. and Hasan, M.Z. and Durakiewicz, T and Jiang, Z. and Xu, Y. and Miotkowski, I.  and Chen, Y.P. and Jia, S. and Ji, H.W. and Cava, R.J. and Marsi, M. },
  journal = {Nat. Commun.},
  volume = {5},
  pages = {3003},
  year = {2014},
  url = {https://doi.org/10.1038/ncomms4003}
}


@article{Sci_Rep_5_8160_2015,
  title = {Emergent photovoltage on SmB6 surface upon bulk-gap evolution revealed by pump-and-probe photoemission spectroscopy},
  author = {Ishida, Y. and Otsu, T. and Shimada, T. and Okawa, M. and Kobayashi, Y. and Iga, F. and Takabatake, T. and Shin, S.},
  journal = {Sci. Rep.},
  volume = {5},
  pages = {8160},
  year = {2015},
  url = {https://doi.org/10.1038/srep08160}
}

@article{PhysRevLett.115.116801,
  title = {Gigantic Surface Lifetime of an Intrinsic Topological Insulator},
  author = {Neupane, Madhab and Xu, Su-Yang and Ishida, Yukiaki and Jia, Shuang and Fregoso, Benjamin M. and Liu, Chang and Belopolski, Ilya and Bian, Guang and Alidoust, Nasser and Durakiewicz, Tomasz and Galitski, Victor and Shin, Shik and Cava, Robert J. and Hasan, M. Zahid},
  journal = {Phys. Rev. Lett.},
  volume = {115},
  issue = {11},
  pages = {116801},
  numpages = {5},
  year = {2015},
  month = {Sep},
  publisher = {American Physical Society},
  doi = {10.1103/PhysRevLett.115.116801},
  url = {https://link.aps.org/doi/10.1103/PhysRevLett.115.116801}
}



@article{PhysRevA.80.033404,
  title = {Pump-probe study of the formation of rubidium molecules by ultrafast photoassociation of ultracold atoms},
  author = {McCabe, David J. and England, Duncan G. and Martay, Hugo E. L. and Friedman, Melissa E. and Petrovic, Jovana and Dimova, Emiliya and Chatel, B\'eatrice and Walmsley, Ian A.},
  journal = {Phys. Rev. A},
  volume = {80},
  issue = {3},
  pages = {033404},
  numpages = {9},
  year = {2009},
  month = {Sep},
  publisher = {American Physical Society},
  doi = {10.1103/PhysRevA.80.033404},
  url = {https://link.aps.org/doi/10.1103/PhysRevA.80.033404}
}

@article{PhysRevA.50.5025,
  title = {Photoassociation of atoms in ultracold collisions probed by wave-packet dynamics},
  author = {Machholm, Mette and Giusti-Suzor, Annick and Mies, F. H.},
  journal = {Phys. Rev. A},
  volume = {50},
  issue = {6},
  pages = {5025--5036},
  numpages = {0},
  year = {1994},
  month = {Dec},
  publisher = {American Physical Society},
  doi = {10.1103/PhysRevA.50.5025},
  url = {https://link.aps.org/doi/10.1103/PhysRevA.50.5025}
}


@article{PhysRevA.64.033421,
  title = {Dynamics of photoinduced collisions of cold atoms probed with picosecond laser pulses},
  author = {Fatemi, Fredrik and Jones, Kevin M. and Wang, He and Walmsley, Ian and Lett, Paul D.},
  journal = {Phys. Rev. A},
  volume = {64},
  issue = {3},
  pages = {033421},
  numpages = {7},
  year = {2001},
  month = {Aug},
  publisher = {American Physical Society},
  doi = {10.1103/PhysRevA.64.033421},
  url = {https://link.aps.org/doi/10.1103/PhysRevA.64.033421}
}


@article{RevModPhys.83.543,
  title = {Carrier dynamics in semiconductors studied with time-resolved terahertz spectroscopy},
  author = {Ulbricht, Ronald and Hendry, Euan and Shan, Jie and Heinz, Tony F. and Bonn, Mischa},
  journal = {Rev. Mod. Phys.},
  volume = {83},
  issue = {2},
  pages = {543--586},
  numpages = {0},
  year = {2011},
  month = {Jun},
  publisher = {American Physical Society},
  doi = {10.1103/RevModPhys.83.543},
  url = {https://link.aps.org/doi/10.1103/RevModPhys.83.543}
}



@article{Petek_Ogawa_1997,
title = {Femtosecond time-resolved two-photon photoemission studies of electron dynamics in metals},
journal = {Progress in Surface Science},
volume = {56},
number = {4},
pages = {239 - 310},
year = {1997},
issn = {0079-6816},
doi = {10.1016/S0079-6816(98)00002-1},
url = {http://www.sciencedirect.com/science/article/pii/S0079681698000021},
author = {H. Petek and S. Ogawa},
}

@article{Axt_2004_Kuhn,
	doi = {10.1088/0034-4885/67/4/r01},
	year = 2004,
	month = {mar},
	publisher = {IOP Publishing},
	volume = {67},
	number = {4},
	pages = {433--512},
	author = {V. M. Axt and T. Kuhn},
	title = {Femtosecond spectroscopy in semiconductors: a key to coherences, correlations and quantum kinetics},
	journal = {Reports on Progress in Physics},
}


@book{ABRAMCZYK2005147,
booktitle = "Introduction to Laser Spectroscopy",
publisher = "Elsevier Science",
address = "Amsterdam",
pages = "384",
year = "2005",
isbn = "978-0-444-51662-6",
doi = "https://doi.org/10.1016/B978-0-444-51662-6.X5000-X",
url = "http://www.sciencedirect.com/science/article/pii/B9780444516626500071",
author = "Halina Abramczyk"
}


%#################

@article{RevModPhys.83.349,
  title = {Continuous-time Monte Carlo methods for quantum impurity models},
  author = {Gull, Emanuel and Millis, Andrew J. and Lichtenstein, Alexander I. and Rubtsov, Alexey N. and Troyer, Matthias and Werner, Philipp},
  journal = {Rev. Mod. Phys.},
  volume = {83},
  issue = {2},
  pages = {349--404},
  numpages = {0},
  year = {2011},
  month = {May},
  publisher = {American Physical Society},
  doi = {10.1103/RevModPhys.83.349},
  url = {https://link.aps.org/doi/10.1103/RevModPhys.83.349}
}

@article{PhysRevLett.100.176403,
  title = {Real-Time Path Integral Approach to Nonequilibrium Many-Body Quantum Systems},
  author = {M\"uhlbacher, Lothar and Rabani, Eran},
  journal = {Phys. Rev. Lett.},
  volume = {100},
  issue = {17},
  pages = {176403},
  numpages = {4},
  year = {2008},
  month = {May},
  publisher = {American Physical Society},
  doi = {10.1103/PhysRevLett.100.176403},
  url = {https://link.aps.org/doi/10.1103/PhysRevLett.100.176403}
}


@article{PhysRevB.79.035320,
  title = {Diagrammatic Monte Carlo simulation of nonequilibrium systems},
  author = {Werner, Philipp and Oka, Takashi and Millis, Andrew J.},
  journal = {Phys. Rev. B},
  volume = {79},
  issue = {3},
  pages = {035320},
  numpages = {18},
  year = {2009},
  month = {Jan},
  publisher = {American Physical Society},
  doi = {10.1103/PhysRevB.79.035320},
  url = {https://link.aps.org/doi/10.1103/PhysRevB.79.035320}
}

@article{PhysRevLett.103.056403,
  title = {Thermalization after an Interaction Quench in the Hubbard Model},
  author = {Eckstein, Martin and Kollar, Marcus and Werner, Philipp},
  journal = {Phys. Rev. Lett.},
  volume = {103},
  issue = {5},
  pages = {056403},
  numpages = {4},
  year = {2009},
  month = {Jul},
  publisher = {American Physical Society},
  doi = {10.1103/PhysRevLett.103.056403},
  url = {https://link.aps.org/doi/10.1103/PhysRevLett.103.056403}
}

@article{PhysRevB.72.035122,
  title = {Continuous-time quantum Monte Carlo method for fermions},
  author = {Rubtsov, A. N. and Savkin, V. V. and Lichtenstein, A. I.},
  journal = {Phys. Rev. B},
  volume = {72},
  issue = {3},
  pages = {035122},
  numpages = {9},
  year = {2005},
  month = {Jul},
  publisher = {American Physical Society},
  doi = {10.1103/PhysRevB.72.035122},
  url = {https://link.aps.org/doi/10.1103/PhysRevB.72.035122}
}

@article{Gull_2008,
	doi = {10.1209/0295-5075/82/57003},
	url = {https://doi.org/10.1209%2F0295-5075%2F82%2F57003},
	year = 2008,
	month = {may},
	publisher = {{IOP} Publishing},
	volume = {82},
	number = {5},
	pages = {57003},
	author = {E. Gull and P. Werner and O. Parcollet and M. Troyer},
	title = {Continuous-time auxiliary-field Monte Carlo for quantum impurity models},
	journal = {{EPL} (Europhysics Letters)},
}

@article{PhysRevB.81.035108,
  title = {Weak-coupling quantum Monte Carlo calculations on the Keldysh contour: Theory and application to the current-voltage characteristics of the Anderson model},
  author = {Werner, Philipp and Oka, Takashi and Eckstein, Martin and Millis, Andrew J.},
  journal = {Phys. Rev. B},
  volume = {81},
  issue = {3},
  pages = {035108},
  numpages = {11},
  year = {2010},
  month = {Jan},
  publisher = {American Physical Society},
  doi = {10.1103/PhysRevB.81.035108},
  url = {https://link.aps.org/doi/10.1103/PhysRevB.81.035108}
}

@article{PhysRevB.79.153302,
  title = {Real-time diagrammatic Monte Carlo for nonequilibrium quantum transport},
  author = {Schir\'o, Marco and Fabrizio, Michele},
  journal = {Phys. Rev. B},
  volume = {79},
  issue = {15},
  pages = {153302},
  numpages = {4},
  year = {2009},
  month = {Apr},
  publisher = {American Physical Society},
  doi = {10.1103/PhysRevB.79.153302},
  url = {https://link.aps.org/doi/10.1103/PhysRevB.79.153302}
}

@article{PhysRevLett.115.266802,
  title = {Taming the Dynamical Sign Problem in Real-Time Evolution of Quantum Many-Body Problems},
  author = {Cohen, Guy and Gull, Emanuel and Reichman, David R. and Millis, Andrew J.},
  journal = {Phys. Rev. Lett.},
  volume = {115},
  issue = {26},
  pages = {266802},
  numpages = {5},
  year = {2015},
  month = {Dec},
  publisher = {American Physical Society},
  doi = {10.1103/PhysRevLett.115.266802},
  url = {https://link.aps.org/doi/10.1103/PhysRevLett.115.266802}
}

@article{PhysRevB.95.085144,
  title = {Currents and Green's functions of impurities out of equilibrium: Results from inchworm quantum Monte Carlo},
  author = {Antipov, Andrey E. and Dong, Qiaoyuan and Kleinhenz, Joseph and Cohen, Guy and Gull, Emanuel},
  journal = {Phys. Rev. B},
  volume = {95},
  issue = {8},
  pages = {085144},
  numpages = {10},
  year = {2017},
  month = {Feb},
  publisher = {American Physical Society},
  doi = {10.1103/PhysRevB.95.085144},
  url = {https://link.aps.org/doi/10.1103/PhysRevB.95.085144}
}

@article{PhysRevB.96.155126,
  title = {Quantum Monte Carlo solution of the dynamical mean field equations in real time},
  author = {Dong, Qiaoyuan and Krivenko, Igor and Kleinhenz, Joseph and Antipov, Andrey E. and Cohen, Guy and Gull, Emanuel},
  journal = {Phys. Rev. B},
  volume = {96},
  issue = {15},
  pages = {155126},
  numpages = {10},
  year = {2017},
  month = {Oct},
  publisher = {American Physical Society},
  doi = {10.1103/PhysRevB.96.155126},
  url = {https://link.aps.org/doi/10.1103/PhysRevB.96.155126}
}


@article{PhysRevB.88.165115,
  title = {Nonequilibrium dynamical mean-field theory based on weak-coupling perturbation expansions: Application to dynamical symmetry breaking in the Hubbard model},
  author = {Tsuji, Naoto and Werner, Philipp},
  journal = {Phys. Rev. B},
  volume = {88},
  issue = {16},
  pages = {165115},
  numpages = {28},
  year = {2013},
  month = {Oct},
  publisher = {American Physical Society},
  doi = {10.1103/PhysRevB.88.165115},
  url = {https://link.aps.org/doi/10.1103/PhysRevB.88.165115}
}


@article{PhysRevB.75.125110,
  title = {Nonequilibrium perturbation theory of the spinless Falicov-Kimball model: Second-order truncated expansion in $U$},
  author = {Turkowski, V. and Freericks, J. K.},
  journal = {Phys. Rev. B},
  volume = {75},
  issue = {12},
  pages = {125110},
  numpages = {14},
  year = {2007},
  month = {Mar},
  publisher = {American Physical Society},
  doi = {10.1103/PhysRevB.75.125110},
  url = {https://link.aps.org/doi/10.1103/PhysRevB.75.125110}
}


@article{PhysRevLett.107.186406,
  title = {Damping of Bloch Oscillations in the Hubbard Model},
  author = {Eckstein, Martin and Werner, Philipp},
  journal = {Phys. Rev. Lett.},
  volume = {107},
  issue = {18},
  pages = {186406},
  numpages = {4},
  year = {2011},
  month = {Oct},
  publisher = {American Physical Society},
  doi = {10.1103/PhysRevLett.107.186406},
  url = {https://link.aps.org/doi/10.1103/PhysRevLett.107.186406}
}

@article{PhysRevB.91.245153,
  title = {Long-lived nonequilibrium states in the Hubbard model with an electric field},
  author = {Joura, Alexander V. and Freericks, J. K. and Lichtenstein, Alexander I.},
  journal = {Phys. Rev. B},
  volume = {91},
  issue = {24},
  pages = {245153},
  numpages = {9},
  year = {2015},
  month = {Jun},
  publisher = {American Physical Society},
  doi = {10.1103/PhysRevB.91.245153},
  url = {https://link.aps.org/doi/10.1103/PhysRevB.91.245153}
}


@article{PhysRevB.82.115115,
  title = {Nonequilibrium dynamical mean-field calculations based on the noncrossing approximation and its generalizations},
  author = {Eckstein, Martin and Werner, Philipp},
  journal = {Phys. Rev. B},
  volume = {82},
  issue = {11},
  pages = {115115},
  numpages = {13},
  year = {2010},
  month = {Sep},
  publisher = {American Physical Society},
  doi = {10.1103/PhysRevB.82.115115},
  url = {https://link.aps.org/doi/10.1103/PhysRevB.82.115115}
}


@article{PhysRevB.99.045118,
  title = {Comparative study of nonequilibrium insulator-to-metal transitions in electron-phonon systems},
  author = {Sayyad, Sharareh and \ifmmode \check{Z}\else \v{Z}\fi{}itko, Rok and Strand, Hugo U. R. and Werner, Philipp and Gole\ifmmode \check{z}\else \v{z}\fi{}, Denis},
  journal = {Phys. Rev. B},
  volume = {99},
  issue = {4},
  pages = {045118},
  numpages = {15},
  year = {2019},
  month = {Jan},
  publisher = {American Physical Society},
  doi = {10.1103/PhysRevB.99.045118},
  url = {https://link.aps.org/doi/10.1103/PhysRevB.99.045118}
}


@article{RevModPhys.77.259,
  title = {The density-matrix renormalization group},
  author = {Schollw\"ock, U.},
  journal = {Rev. Mod. Phys.},
  volume = {77},
  issue = {1},
  pages = {259--315},
  numpages = {0},
  year = {2005},
  month = {Apr},
  publisher = {American Physical Society},
  doi = {10.1103/RevModPhys.77.259},
  url = {https://link.aps.org/doi/10.1103/RevModPhys.77.259}
}

@article{PhysRevB.95.165139,
  title = {Nonequilibrium dynamics in the one-dimensional Fermi-Hubbard model: Comparison of the nonequilibrium Green-functions approach and the density matrix renormalization group method},
  author = {Schl\"unzen, N. and Joost, J.-P. and Heidrich-Meisner, F. and Bonitz, M.},
  journal = {Phys. Rev. B},
  volume = {95},
  issue = {16},
  pages = {165139},
  numpages = {13},
  year = {2017},
  month = {Apr},
  publisher = {American Physical Society},
  doi = {10.1103/PhysRevB.95.165139},
  url = {https://link.aps.org/doi/10.1103/PhysRevB.95.165139}
}

@article{PhysRevLett.93.040502,
  title = {Efficient Simulation of One-Dimensional Quantum Many-Body Systems},
  author = {Vidal, Guifr\'e},
  journal = {Phys. Rev. Lett.},
  volume = {93},
  issue = {4},
  pages = {040502},
  numpages = {4},
  year = {2004},
  month = {Jul},
  publisher = {American Physical Society},
  doi = {10.1103/PhysRevLett.93.040502},
  url = {https://link.aps.org/doi/10.1103/PhysRevLett.93.040502}
}

@article{PhysRevLett.93.076401,
  title = {Real-Time Evolution Using the Density Matrix Renormalization Group},
  author = {White, Steven R. and Feiguin, Adrian E.},
  journal = {Phys. Rev. Lett.},
  volume = {93},
  issue = {7},
  pages = {076401},
  numpages = {4},
  year = {2004},
  month = {Aug},
  publisher = {American Physical Society},
  doi = {10.1103/PhysRevLett.93.076401},
  url = {https://link.aps.org/doi/10.1103/PhysRevLett.93.076401}
}

@article{PhysRevB.88.235106,
  title = {Hamiltonian-based impurity solver for nonequilibrium dynamical mean-field theory},
  author = {Gramsch, Christian and Balzer, Karsten and Eckstein, Martin and Kollar, Marcus},
  journal = {Phys. Rev. B},
  volume = {88},
  issue = {23},
  pages = {235106},
  numpages = {21},
  year = {2013},
  month = {Dec},
  publisher = {American Physical Society},
  doi = {10.1103/PhysRevB.88.235106},
  url = {https://link.aps.org/doi/10.1103/PhysRevB.88.235106}
}

@article{PhysRevB.91.045136,
  title = {Multiconfiguration time-dependent Hartree impurity solver for nonequilibrium dynamical mean-field theory},
  author = {Balzer, Karsten and Li, Zheng and Vendrell, Oriol and Eckstein, Martin},
  journal = {Phys. Rev. B},
  volume = {91},
  issue = {4},
  pages = {045136},
  numpages = {11},
  year = {2015},
  month = {Jan},
  publisher = {American Physical Society},
  doi = {10.1103/PhysRevB.91.045136},
  url = {https://link.aps.org/doi/10.1103/PhysRevB.91.045136}
}

@article{PhysRevB.49.11040,
  title = {Anderson model out of equilibrium: Noncrossing~-~approximation approach to transport through a quantum dot},
  author = {Wingreen, Ned S. and Meir, Yigal},
  journal = {Phys. Rev. B},
  volume = {49},
  issue = {16},
  pages = {11040--11052},
  numpages = {0},
  year = {1994},
  month = {Apr},
  publisher = {American Physical Society},
  doi = {10.1103/PhysRevB.49.11040},
  url = {https://link.aps.org/doi/10.1103/PhysRevB.49.11040}
}




%%%%%%%%%%%%%%%%%%%%%%%%%%%%%%%%%%%%%%%%%%%%%%%%%%%
% Beyond-Floquet





@article{PhysRevB.71.085104,
  title = {Nonlinear response of Bloch electrons in infinite dimensions},
  author = {Turkowski, V. and Freericks, J. K.},
  journal = {Phys. Rev. B},
  volume = {71},
  issue = {8},
  pages = {085104},
  numpages = {11},
  year = {2005},
  month = {Feb},
  publisher = {American Physical Society},
  doi = {10.1103/PhysRevB.71.085104},
  url = {https://link.aps.org/doi/10.1103/PhysRevB.71.085104}
}

@article{PhysRevB.73.209902,
  title = {Erratum: Spectral moment sum rules for strongly correlated electrons in time-dependent electric fields},
  author = {Turkowski, V. M and Freericks, J. K.},
  journal = {Phys. Rev. B},
  volume = {73},
  issue = {20},
  pages = {209902},
  numpages = {1},
  year = {2006},
  month = {May},
  publisher = {American Physical Society},
  doi = {10.1103/PhysRevB.73.209902},
  url = {https://link.aps.org/doi/10.1103/PhysRevB.73.209902}
}

@article{PhysRevB.80.115119,
  title = {Inhomogeneous spectral moment sum rules for the retarded Green function and self-energy of strongly correlated electrons or ultracold fermionic atoms in optical lattices},
  author = {Freericks, J. K. and Turkowski, V.},
  journal = {Phys. Rev. B},
  volume = {80},
  issue = {11},
  pages = {115119},
  numpages = {13},
  year = {2009},
  month = {Sep},
  publisher = {American Physical Society},
  doi = {10.1103/PhysRevB.80.115119},
  url = {https://link.aps.org/doi/10.1103/PhysRevB.80.115119}
}

@article{PhysRevLett.112.176404,
  title = {Nonequilibrium "Melting" of a Charge Density Wave Insulator via an Ultrafast Laser Pulse},
  author = {Shen, Wen and Ge, Yizhi and Liu, A. Y. and Krishnamurthy, H. R. and Devereaux, T. P. and Freericks, J. K.},
  journal = {Phys. Rev. Lett.},
  volume = {112},
  issue = {17},
  pages = {176404},
  numpages = {5},
  year = {2014},
  month = {May},
  publisher = {American Physical Society},
  doi = {10.1103/PhysRevLett.112.176404},
  url = {https://link.aps.org/doi/10.1103/PhysRevLett.112.176404}
}

@article{PhysRevB.54.12505,
  title = {Quasiparticle bands and superconductivity in bilayer cuprates},
  author = {Liechtenstein, A. I. and Gunnarsson, O. and Andersen, O. K. and Martin, R. M.},
  journal = {Phys. Rev. B},
  volume = {54},
  issue = {17},
  pages = {12505--12508},
  numpages = {0},
  year = {1996},
  month = {Nov},
  publisher = {American Physical Society},
  doi = {10.1103/PhysRevB.54.12505},
  url = {https://link.aps.org/doi/10.1103/PhysRevB.54.12505}
}

@misc{dasari2019revealing,
    title={Revealing Hund's multiplets in Mott insulators under strong electric fields},
    author={Nagamalleswararao Dasari and Jiajun Li and Philipp Werner and Martin Eckstein},
    year={2019},
    eprint={1907.00754},
    archivePrefix={arXiv},
    primaryClass={cond-mat.str-el}
}

@article{Basov,
  title = {Towards properties on demand in quantum materials},
  author = {Basov, D. N. and Averitt, R. D. and Hsieh, D.},
  journal = {Nature Materials},
  volume = {16},
  pages = {1077},
  year = {2017},
  month = {Okt},
  publisher = {Nature Publishing Group},
  doi = {10.1038/nmat5017},
  url = {https://doi.org/10.1038/nmat5017}
}

@article{Mentink2015,
  title = {Ultrafast and reversible control of the exchange interaction in Mott insulators},
  author = {Mentink, and J. H. Balzer, K. and Eckstein, M.},
  journal = {Nature Communications},
  volume = {6},
  issue = {1},
  pages = {6708},
  year = {2015},
  month = {March},
  doi = {10.1038/ncomms7708},
  url = {https://doi.org/10.1038/ncomms7708}
}

@article{PhysRevB.93.144307,
  title = {Brillouin-Wigner theory for high-frequency expansion in periodically driven systems: Application to Floquet topological insulators},
  author = {Mikami, Takahiro and Kitamura, Sota and Yasuda, Kenji and Tsuji, Naoto and Oka, Takashi and Aoki, Hideo},
  journal = {Phys. Rev. B},
  volume = {93},
  issue = {14},
  pages = {144307},
  numpages = {25},
  year = {2016},
  month = {Apr},
  publisher = {American Physical Society},
  doi = {10.1103/PhysRevB.93.144307},
  url = {https://link.aps.org/doi/10.1103/PhysRevB.93.144307}
}

@article{Kitamura_AR_2019,
author = {Oka, Takashi and Kitamura, Sota},
title = {Floquet Engineering of Quantum Materials},
journal = {Annual Review of Condensed Matter Physics},
volume = {10},
number = {1},
pages = {387-408},
year = {2019},
doi = {10.1146/annurev-conmatphys-031218-013423},
URL = { https://doi.org/10.1146/annurev-conmatphys-031218-013423},
eprint = {https://doi.org/10.1146/annurev-conmatphys-031218-013423},
}

@article{PhysRevLett.97.266408,
  title = {Nonequilibrium Dynamical Mean-Field Theory},
  author = {Freericks, J. K. and Turkowski, V. M. and Zlati\ifmmode \acute{c}\else \'{c}\fi{}, V.},
  journal = {Phys. Rev. Lett.},
  volume = {97},
  issue = {26},
  pages = {266408},
  numpages = {4},
  year = {2006},
  month = {Dec},
  publisher = {American Physical Society},
  doi = {10.1103/PhysRevLett.97.266408},
  url = {https://link.aps.org/doi/10.1103/PhysRevLett.97.266408}
}

@misc{schmidt2002,
    title={Nonequilibrium dynamical mean~-~field theory of a strongly correlated system},
    author={P. Schmidt and H. Monien},
    year={2002},
    eprint={cond-mat/0202046},
    archivePrefix={arXiv},
    %primaryClass={cond-mat.str-el}
}

@article{Ptok_Andrzej,
  title = {Magnetic Lifshitz transition and its consequences in multi-band iron-based superconductors},
  author = {Ptok, Andrzej and Kapcia, Konrad J and Cichy, Agnieszka and Oles, Andrzej M and Piekarz, Przemyslaw},
  journal = {Scientific reports},
  volume = {7},
  year = {2017},
  month = {Feb},
  publisher = {Nature Publishing Group},
  doi = {10.1038/srep41979},
  url = {https://www.ncbi.nlm.nih.gov/pubmed/28165043}
}

@article{Principi_2016,
author = {Principi,E.  and Giangrisostomi,E.  and Cucini,R.  and Bencivenga,F.  and Battistoni,A.  and Gessini,A.  and Mincigrucci,R.  and Saito,M.  and Di Fonzo,S.  and D'Amico,F.  and Di Cicco,A.  and Gunnella,R.  and Filipponi,A.  and Giglia,A.  and Nannarone,S.  and Masciovecchio,C. },
title = {Free electron laser-driven ultrafast rearrangement of the electronic structure in Ti},
journal = {Structural Dynamics},
volume = {3},
number = {2},
pages = {023604},
year = {2016},
doi = {10.1063/1.4935687},
URL = {https://doi.org/10.1063/1.4935687},
eprint = {https://doi.org/10.1063/1.4935687}
}

@article{PhysRevLett.121.097001,
  title = {Effects of Lifshitz Transitions in Ferromagnetic Superconductors: The Case of URhGe},
  author = {Sherkunov, Yury and Chubukov, Andrey V. and Betouras, Joseph J.},
  journal = {Phys. Rev. Lett.},
  volume = {121},
  issue = {9},
  pages = {097001},
  numpages = {5},
  year = {2018},
  month = {Aug},
  publisher = {American Physical Society},
  doi = {10.1103/PhysRevLett.121.097001},
  url = {https://link.aps.org/doi/10.1103/PhysRevLett.121.097001}
}

@article{PhysRevB.81.180513,
  title = {Lifshitz transition in underdoped cuprates},
  author = {Norman, M. R. and Lin, Jie and Millis, A. J.},
  journal = {Phys. Rev. B},
  volume = {81},
  issue = {18},
  pages = {180513},
  numpages = {4},
  year = {2010},
  month = {May},
  publisher = {American Physical Society},
  doi = {10.1103/PhysRevB.81.180513},
  url = {https://link.aps.org/doi/10.1103/PhysRevB.81.180513}
}

@article{PhysRevLett.120.067002,
  title = {Correlation~-~Driven Lifshitz Transition at the Emergence of the Pseudogap Phase in the Two~-~Dimensional Hubbard Model},
  author = {Bragan\ifmmode \mbox{\c{c}}\else \c{c}\fi{}a, Helena and Sakai, Shiro and Aguiar, M. C. O. and Civelli, Marcello},
  journal = {Phys. Rev. Lett.},
  volume = {120},
  issue = {6},
  pages = {067002},
  numpages = {6},
  year = {2018},
  month = {Feb},
  publisher = {American Physical Society},
  doi = {10.1103/PhysRevLett.120.067002},
  url = {https://link.aps.org/doi/10.1103/PhysRevLett.120.067002}
}

@article{PhysRevLett.96.026401,
  title = {Continuous Evolution of the Fermi Surface of ${\mathrm{CeRu}}_{2}{\mathrm{Si}}_{2}$ across the Metamagnetic Transition},
  author = {Daou, R. and Bergemann, C. and Julian, S. R.},
  journal = {Phys. Rev. Lett.},
  volume = {96},
  issue = {2},
  pages = {026401},
  numpages = {4},
  year = {2006},
  month = {Jan},
  publisher = {American Physical Society},
  doi = {10.1103/PhysRevLett.96.026401},
  url = {https://link.aps.org/doi/10.1103/PhysRevLett.96.026401}
}

@article{PhysRevB.86.075108,
  title = {Metamagnetism and Lifshitz transitions in models for heavy fermions},
  author = {Bercx, M. and Assaad, F. F.},
  journal = {Phys. Rev. B},
  volume = {86},
  issue = {7},
  pages = {075108},
  numpages = {8},
  year = {2012},
  month = {Aug},
  publisher = {American Physical Society},
  doi = {10.1103/PhysRevB.86.075108},
  url = {https://link.aps.org/doi/10.1103/PhysRevB.86.075108}
}

@article{PhysRevLett.110.256403,
  title = {Interplay between Kondo Suppression and Lifshitz Transitions in ${\mathrm{YbRh}}_{2}{\mathrm{Si}}_{2}$ at High Magnetic Fields},
  author = {Pfau, H. and Daou, R. and Lausberg, S. and Naren, H. R. and Brando, M. and Friedemann, S. and Wirth, S. and Westerkamp, T. and Stockert, U. and Gegenwart, P. and Krellner, C. and Geibel, C. and Zwicknagl, G. and Steglich, F.},
  journal = {Phys. Rev. Lett.},
  volume = {110},
  issue = {25},
  pages = {256403},
  numpages = {5},
  year = {2013},
  month = {Jun},
  publisher = {American Physical Society},
  doi = {10.1103/PhysRevLett.110.256403},
  url = {https://link.aps.org/doi/10.1103/PhysRevLett.110.256403}
}

@article{PhysRevLett.116.037202,
  title = {Field-Induced Lifshitz Transition without Metamagnetism in ${\mathrm{CeIrIn}}_{5}$},
  author = {Aoki, D. and Seyfarth, G. and Pourret, A. and Gourgout, A. and McCollam, A. and Bruin, J. A. N. and Krupko, Y. and Sheikin, I.},
  journal = {Phys. Rev. Lett.},
  volume = {116},
  issue = {3},
  pages = {037202},
  numpages = {5},
  year = {2016},
  month = {Jan},
  publisher = {American Physical Society},
  doi = {10.1103/PhysRevLett.116.037202},
  url = {https://link.aps.org/doi/10.1103/PhysRevLett.116.037202}
}

@article{PhysRevB.83.020501,
  title = {Universality of superconducting gaps in overdoped Ba${}_{0.3}$K${}_{0.7}$Fe${}_{2}$As${}_{2}$ observed by angle-resolved photoemission spectroscopy},
  author = {Nakayama, K. and Sato, T. and Richard, P. and Xu, Y.-M. and Kawahara, T. and Umezawa, K. and Qian, T. and Neupane, M. and Chen, G. F. and Ding, H. and Takahashi, T.},
  journal = {Phys. Rev. B},
  volume = {83},
  issue = {2},
  pages = {020501},
  numpages = {4},
  year = {2011},
  month = {Jan},
  publisher = {American Physical Society},
  doi = {10.1103/PhysRevB.83.020501},
  url = {https://link.aps.org/doi/10.1103/PhysRevB.83.020501}
}

@article{PhysRevB.86.165117,
  title = {Abrupt change in the energy gap of superconducting Ba${}_{1\ensuremath{-}x}$K${}_{x}$Fe${}_{2}$As${}_{2}$ single crystals with hole doping},
  author = {Malaeb, W. and Shimojima, T. and Ishida, Y. and Okazaki, K. and Ota, Y. and Ohgushi, K. and Kihou, K. and Saito, T. and Lee, C. H. and Ishida, S. and Nakajima, M. and Uchida, S. and Fukazawa, H. and Kohori, Y. and Iyo, A. and Eisaki, H. and Chen, C.-T. and Watanabe, S. and Ikeda, H. and Shin, S.},
  journal = {Phys. Rev. B},
  volume = {86},
  issue = {16},
  pages = {165117},
  numpages = {7},
  year = {2012},
  month = {Oct},
  publisher = {American Physical Society},
  doi = {10.1103/PhysRevB.86.165117},
  url = {https://link.aps.org/doi/10.1103/PhysRevB.86.165117}
}

@article{PhysRevB.88.220508,
  title = {Possible nodal superconducting gap and Lifshitz transition in heavily hole-doped Ba${}_{0.1}$K${}_{0.9}$Fe${}_{2}$As${}_{2}$},
  author = {Xu, N. and Richard, P. and Shi, X. and van Roekeghem, A. and Qian, T. and Razzoli, E. and Rienks, E. and Chen, G.-F. and Ieki, E. and Nakayama, K. and Sato, T. and Takahashi, T. and Shi, M. and Ding, H.},
  journal = {Phys. Rev. B},
  volume = {88},
  issue = {22},
  pages = {220508},
  numpages = {5},
  year = {2013},
  month = {Dec},
  publisher = {American Physical Society},
  doi = {10.1103/PhysRevB.88.220508},
  url = {https://link.aps.org/doi/10.1103/PhysRevB.88.220508}
}

@article{PhysRevLett.112.156401,
  title = {Lifshitz Transition and Chemical Instabilities in ${\mathrm{Ba}}_{1\ensuremath{-}x}{\mathrm{K}}_{x}{\mathrm{Fe}}_{2}{\mathrm{As}}_{2}$ Superconductors},
  author = {Khan, Suffian N. and Johnson, Duane D.},
  journal = {Phys. Rev. Lett.},
  volume = {112},
  issue = {15},
  pages = {156401},
  numpages = {5},
  year = {2014},
  month = {Apr},
  publisher = {American Physical Society},
  doi = {10.1103/PhysRevLett.112.156401},
  url = {https://link.aps.org/doi/10.1103/PhysRevLett.112.156401}
}

@article{PhysRevB.90.224508,
  title = {Crossover in the magnetic response of single-crystalline ${\mathrm{Ba}}_{1\ensuremath{-}x}{\mathrm{K}}_{x}{\mathrm{Fe}}_{2}{\mathrm{As}}_{2}$ and Lifshitz critical point evidenced by Hall effect measurements},
  author = {Liu, Yong and Lograsso, Thomas A.},
  journal = {Phys. Rev. B},
  volume = {90},
  issue = {22},
  pages = {224508},
  numpages = {9},
  year = {2014},
  month = {Dec},
  publisher = {American Physical Society},
  doi = {10.1103/PhysRevB.90.224508},
  url = {https://link.aps.org/doi/10.1103/PhysRevB.90.224508}
}

@article{Liu_2010_FS,
  title = {Evidence for a Lifshitz transition in electron-doped iron arsenic superconductors at the onset of superconductivity},
  author = {Liu, Chang and Kondo, Takeshi and Fernandes, Rafael M. and Palczewski, Ari D. and Mun, Eun Deok and Ni, Ni and Thaler, Alexander N. and Bostwick, Aaron and Rotenberg, Eli and Schmalian, Jörg and Bud’ko, Sergey L. and Canfield, Paul C. and Kaminski, Adam},
  journal = {Nature Physics},
  volume = {6},
  issue = {6},
  pages = {419},
  year = {2010},
  month = {Jun},
  doi = {10.1038/nphys1656},
  url = {https://doi.org/10.1038/nphys1656}
}

@article{PhysRevB.83.054506,
  title = {Lifshitz critical point in the cuprate superconductor ${\mathrm{YBa}}_{2}{\mathrm{Cu}}_{3}{\mathrm{O}}_{y}$ from high-field Hall effect measurements},
  author = {LeBoeuf, David and Doiron-Leyraud, Nicolas and Vignolle, B. and Sutherland, Mike and Ramshaw, B. J. and Levallois, J. and Daou, R. and Lalibert\'e, Francis and Cyr-Choini\`ere, Olivier and Chang, Johan and Jo, Y. J. and Balicas, L. and Liang, Ruixing and Bonn, D. A. and Hardy, W. N. and Proust, Cyril and Taillefer, Louis},
  journal = {Phys. Rev. B},
  volume = {83},
  issue = {5},
  pages = {054506},
  numpages = {14},
  year = {2011},
  month = {Feb},
  publisher = {American Physical Society},
  doi = {10.1103/PhysRevB.83.054506},
  url = {https://link.aps.org/doi/10.1103/PhysRevB.83.054506}
}

@article{PhysRevLett.114.147001,
  title = {Collapse of the Normal-State Pseudogap at a Lifshitz Transition in the ${\mathrm{Bi}}_{2}{\mathrm{Sr}}_{2}{\mathrm{CaCu}}_{2}{\mathrm{O}}_{8+\ensuremath{\delta}}$ Cuprate Superconductor},
  author = {Benhabib, S. and Sacuto, A. and Civelli, M. and Paul, I. and Cazayous, M. and Gallais, Y. and M\'easson, M.-A. and Zhong, R. D. and Schneeloch, J. and Gu, G. D. and Colson, D. and Forget, A.},
  journal = {Phys. Rev. Lett.},
  volume = {114},
  issue = {14},
  pages = {147001},
  numpages = {5},
  year = {2015},
  month = {Apr},
  publisher = {American Physical Society},
  doi = {10.1103/PhysRevLett.114.147001},
  url = {https://link.aps.org/doi/10.1103/PhysRevLett.114.147001}
}

@article{PhysRevB.81.121102,
  title = {Discontinuous Lifshitz transition achieved by band-filling control in ${\text{Na}}_{x}{\text{CoO}}_{2}$},
  author = {Okamoto, Yoshihiko and Nishio, Atsushi and Hiroi, Zenji},
  journal = {Phys. Rev. B},
  volume = {81},
  issue = {12},
  pages = {121102},
  numpages = {4},
  year = {2010},
  month = {Mar},
  publisher = {American Physical Society},
  doi = {10.1103/PhysRevB.81.121102},
  url = {https://link.aps.org/doi/10.1103/PhysRevB.81.121102}
}


@article{PhysRevB.100.075115,
  title = {Light-induced $d$-wave superconductivity through Floquet-engineered Fermi surfaces in cuprates},
  author = {Kennes, Dante M. and Claassen, Martin and Sentef, Michael A. and Karrasch, Christoph},
  journal = {Phys. Rev. B},
  volume = {100},
  issue = {7},
  pages = {075115},
  numpages = {7},
  year = {2019},
  month = {Aug},
  publisher = {American Physical Society},
  doi = {10.1103/PhysRevB.100.075115},
  url = {https://link.aps.org/doi/10.1103/PhysRevB.100.075115}
}


% KH-solid







% 2orb FLEX + keldysh

@ARTICLE{1989AnPhy.193..206B,
   author = {{Bickers}, N.~E. and {Scalapino}, D.~J.},
    title = "{Conserving approximations for strongly fluctuating electron systems. I. Formalism and calculational approach}",
  journal = {Annals of Physics},
     year = 1989,
    month = jul,
   volume = 193,
    pages = {206-251},
      doi = {10.1016/0003-4916(89)90359-X},
}

@article{PhysRevB.95.115132,
  title = {Bypassing the energy-time uncertainty in time-resolved photoemission},
  author = {Randi, Francesco and Fausti, Daniele and Eckstein, Martin},
  journal = {Phys. Rev. B},
  volume = {95},
  issue = {11},
  pages = {115132},
  numpages = {11},
  year = {2017},
  month = {Mar},
  publisher = {American Physical Society},
  doi = {10.1103/PhysRevB.95.115132},
  url = {https://link.aps.org/doi/10.1103/PhysRevB.95.115132}
}


@article{PhysRevB.81.115131,
  title = {Interaction quench in the Hubbard model: Relaxation of the spectral function and the optical conductivity},
  author = {Eckstein, Martin and Kollar, Marcus and Werner, Philipp},
  journal = {Phys. Rev. B},
  volume = {81},
  issue = {11},
  pages = {115131},
  numpages = {17},
  year = {2010},
  month = {Mar},
  publisher = {American Physical Society},
  doi = {10.1103/PhysRevB.81.115131},
  url = {https://link.aps.org/doi/10.1103/PhysRevB.81.115131}
}

@article{PhysRevLett.68.2830,
  title = {Superfluid density and the Drude weight of the Hubbard model},
  author = {Scalapino, D. J. and White, S. R. and Zhang, S. C.},
  journal = {Phys. Rev. Lett.},
  volume = {68},
  issue = {18},
  pages = {2830--2833},
  numpages = {0},
  year = {1992},
  month = {May},
  publisher = {American Physical Society},
  doi = {10.1103/PhysRevLett.68.2830},
  url = {https://link.aps.org/doi/10.1103/PhysRevLett.68.2830}
}


@article{PhysRevB.38.1667,
  title = {Narrow electronic bands in high electric fields: Static properties},
  author = {Davies, John H. and Wilkins, John W.},
  journal = {Phys. Rev. B},
  volume = {38},
  issue = {3},
  pages = {1667--1680},
  numpages = {0},
  year = {1988},
  month = {Jul},
  publisher = {American Physical Society},
  doi = {10.1103/PhysRevB.38.1667},
  url = {https://link.aps.org/doi/10.1103/PhysRevB.38.1667}
}


@article{PhysRevB.45.6479,
  title = {Hubbard model in infinite dimensions},
  author = {Georges, Antoine and Kotliar, Gabriel},
  journal = {Phys. Rev. B},
  volume = {45},
  issue = {12},
  pages = {6479--6483},
  numpages = {0},
  year = {1992},
  month = {Mar},
  publisher = {American Physical Society},
  doi = {10.1103/PhysRevB.45.6479},
  url = {https://link.aps.org/doi/10.1103/PhysRevB.45.6479}
}


@article{RevModPhys.86.779,
  title = {Nonequilibrium dynamical mean-field theory and its applications},
  author = {Aoki, Hideo and Tsuji, Naoto and Eckstein, Martin and Kollar, Marcus and Oka, Takashi and Werner, Philipp},
  journal = {Rev. Mod. Phys.},
  volume = {86},
  issue = {2},
  pages = {779--837},
  numpages = {59},
  year = {2014},
  month = {Jun},
  publisher = {American Physical Society},
  doi = {10.1103/RevModPhys.86.779},
  url = {https://link.aps.org/doi/10.1103/RevModPhys.86.779}
}


@article{RevModPhys.68.13,
  title = {Dynamical mean-field theory of strongly correlated fermion systems and the limit of infinite dimensions},
  author = {Georges, Antoine and Kotliar, Gabriel and Krauth, Werner and Rozenberg, Marcelo J.},
  journal = {Rev. Mod. Phys.},
  volume = {68},
  issue = {1},
  pages = {13--125},
  numpages = {0},
  year = {1996},
  month = {Jan},
  publisher = {American Physical Society},
  doi = {10.1103/RevModPhys.68.13},
  url = {https://link.aps.org/doi/10.1103/RevModPhys.68.13}
}


@Article{Peierls1933,
author="Peierls, R.",
title="Zur Theorie des Diamagnetismus von Leitungselektronen",
journal="Zeitschrift f{\"u}r Physik",
year="1933",
month="Nov",
day="01",
volume="80",
number="11",
pages="763--791",
issn="0044-3328",
doi="10.1007/BF01342591",
url="https://doi.org/10.1007/BF01342591"
}
@ARTICLE{1963PThPh..30..275K,
   author = {{Kanamori}, J.},
    title = "{Electron Correlation and Ferromagnetism of Transition Metals}",
  journal = {Progress of Theoretical Physics},
     year = 1963,
    month = sep,
   volume = 30,
    pages = {275-289},
      doi = {10.1143/PTP.30.275},
   adsurl = {http://adsabs.harvard.edu/abs/1963PThPh..30..275K},
  adsnote = {Provided by the SAO/NASA Astrophysics Data System}
}

@article{PhysRevLett.10.159,
  title = {Effect of Correlation on the Ferromagnetism of Transition Metals},
  author = {Gutzwiller, Martin C.},
  journal = {Phys. Rev. Lett.},
  volume = {10},
  issue = {5},
  pages = {159--162},
  numpages = {0},
  year = {1963},
  month = {Mar},
  publisher = {American Physical Society},
  doi = {10.1103/PhysRevLett.10.159},
  url = {https://link.aps.org/doi/10.1103/PhysRevLett.10.159}
}


@article{doi:10.1098/rspa.1963.0204,
author = {J. Hubbard  and Brian Hilton Flowers },
title = {Electron correlations in narrow energy bands},
journal = {Proceedings of the Royal Society of London. Series A. Mathematical and Physical Sciences},
volume = {276},
number = {1365},
pages = {238-257},
year = {1963},
doi = {10.1098/rspa.1963.0204},
url = {https://royalsocietypublishing.org/doi/abs/10.1098/rspa.1963.0204}
}

@article{PhysRevB.44.6104,
  title = {Expansions of nonequilibrium Green's functions},
  author = {Wagner, Mathias},
  journal = {Phys. Rev. B},
  volume = {44},
  issue = {12},
  pages = {6104--6117},
  numpages = {0},
  year = {1991},
  month = {Sep},
  publisher = {American Physical Society},
  doi = {10.1103/PhysRevB.44.6104},
  url = {https://link.aps.org/doi/10.1103/PhysRevB.44.6104}
}


@book{bookKadanoff_and_Baym,
  author    = {Kadanoff L.~P. Baym G.}, 
  title     = {Quantum Statistical Mechanics},
  publisher = {W.A. Benjamin},
  year      = 1962,
  address   = {New York},
}

@article{DANIELEWICZ1984239,
title = "Quantum theory of nonequilibrium processes, I",
journal = "Annals of Physics",
volume = "152",
number = "2",
pages = "239 - 304",
year = "1984",
issn = "0003-4916",
doi = "https://doi.org/10.1016/0003-4916(84)90092-7",
url = "http://www.sciencedirect.com/science/article/pii/0003491684900927",
author = "P Danielewicz",
abstract = "Green's function techniques for studying nonequilibrium quantum processes are discussed. Perturbation expansions and Green's function equations of motion are developed for noncorrelated and correlated initial states of a system. A transition, from the Kadanoff-Baym Green's function equations of motion to the Boltzmann equation, and specifications of the respective limit, are examined in detail."
}

@book{Abrikosov:107441,
      author        = "Abrikosov, A. A. and Dzyaloshinskii, I. and Gorkov, L. P. and
                       Silverman, Richard A.",
      title         = "{Methods of quantum field theory in statistical physics}",
      publisher     = "Dover",
      address       = "New York, NY",
      year          = "1975",
      url           = "http://cds.cern.ch/record/107441",
}

@article{Keldysh:1964ud,
      author         = "Keldysh, L. V.",
      title          = "{Diagram technique for nonequilibrium processes}",
      journal        = "Zh. Eksp. Teor. Fiz.",
      volume         = "47",
      year           = "1964",
      pages          = "1515-1527",
      note           = "[Sov. Phys. JETP20,1018(1965)]",
      SLACcitation   = "%%CITATION = ZETFA,47,1515;%%"
}

@article{10.1063/1.1703727,
author = {Schwinger,Julian },
title = {Brownian Motion of a Quantum Oscillator},
journal = {Journal of Mathematical Physics},
volume = {2},
number = {3},
pages = {407-432},
year = {1961},
doi = {10.1063/1.1703727},
URL = {  https://doi.org/10.1063/1.1703727},
eprint = { https://doi.org/10.1063/1.1703727 
}
}

@article{PhysRevB.91.235114,
  title = {On the dangers of partial diagrammatic summations: Benchmarks for the two-dimensional Hubbard model in the weak-coupling regime},
  author = {Gukelberger, Jan and Huang, Li and Werner, Philipp},
  journal = {Phys. Rev. B},
  volume = {91},
  issue = {23},
  pages = {235114},
  numpages = {13},
  year = {2015},
  month = {Jun},
  publisher = {American Physical Society},
  doi = {10.1103/PhysRevB.91.235114},
  url = {https://link.aps.org/doi/10.1103/PhysRevB.91.235114}
}








%pi-pulse
%\citep{PhysRevB.91.235114}
@article{PhysRevLett.106.236401,
  title = {Dynamical Band Flipping in Fermionic Lattice Systems: An ac-Field-Driven Change of the Interaction from Repulsive to Attractive},
  author = {Tsuji, Naoto and Oka, Takashi and Werner, Philipp and Aoki, Hideo},
  journal = {Phys. Rev. Lett.},
  volume = {106},
  issue = {23},
  pages = {236401},
  numpages = {4},
  year = {2011},
  month = {Jun},
  publisher = {American Physical Society},
  doi = {10.1103/PhysRevLett.106.236401},
  url = {https://link.aps.org/doi/10.1103/PhysRevLett.106.236401}
}

@article{PhysRevLett.105.220405,
  title = {Equilibration Rates and Negative Absolute Temperatures for Ultracold Atoms in Optical Lattices},
  author = {Rapp, Akos and Mandt, Stephan and Rosch, Achim},
  journal = {Phys. Rev. Lett.},
  volume = {105},
  issue = {22},
  pages = {220405},
  numpages = {4},
  year = {2010},
  month = {Nov},
  publisher = {American Physical Society},
  doi = {10.1103/PhysRevLett.105.220405},
  url = {https://link.aps.org/doi/10.1103/PhysRevLett.105.220405}
}


@article{PhysRev.103.20,
  title = {Thermodynamics and Statistical Mechanics at Negative Absolute Temperatures},
  author = {Ramsey, Norman F.},
  journal = {Phys. Rev.},
  volume = {103},
  issue = {1},
  pages = {20--28},
  numpages = {0},
  year = {1956},
  month = {Jul},
  publisher = {American Physical Society},
  doi = {10.1103/PhysRev.103.20},
  url = {https://link.aps.org/doi/10.1103/PhysRev.103.20}
}


@article{PhysRev.81.279,
  title = {A Nuclear Spin System at Negative Temperature},
  author = {Purcell, E. M. and Pound, R. V.},
  journal = {Phys. Rev.},
  volume = {81},
  issue = {2},
  pages = {279--280},
  numpages = {0},
  year = {1951},
  month = {Jan},
  publisher = {American Physical Society},
  doi = {10.1103/PhysRev.81.279},
  url = {https://link.aps.org/doi/10.1103/PhysRev.81.279}
}

@Article{Nozieres1985,
author="Nozi{\`e}res, P.
and Schmitt-Rink, S.",
title="Bose condensation in an attractive fermion gas: From weak to strong coupling superconductivity",
journal="Journal of Low Temperature Physics",
year="1985",
month="May",
day="01",
volume="59",
number="3",
pages="195--211",
issn="1573-7357",
doi="10.1007/BF00683774",
url="https://doi.org/10.1007/BF00683774"
}

@article{PhysRevLett.86.4612,
  title = {Dynamical Mean-Field Theory for Pairing and Spin Gap in the Attractive Hubbard Model},
  author = {Keller, M. and Metzner, W. and Schollw\"ock, U.},
  journal = {Phys. Rev. Lett.},
  volume = {86},
  issue = {20},
  pages = {4612--4615},
  numpages = {0},
  year = {2001},
  month = {May},
  publisher = {American Physical Society},
  doi = {10.1103/PhysRevLett.86.4612},
  url = {https://link.aps.org/doi/10.1103/PhysRevLett.86.4612}
}


@article{RevModPhys.62.113,
  title = {Superconductivity in narrow-band systems with local nonretarded attractive interactions},
  author = {Micnas, R. and Ranninger, J. and Robaszkiewicz, S.},
  journal = {Rev. Mod. Phys.},
  volume = {62},
  issue = {1},
  pages = {113--171},
  numpages = {0},
  year = {1990},
  month = {Jan},
  publisher = {American Physical Society},
  doi = {10.1103/RevModPhys.62.113},
  url = {https://link.aps.org/doi/10.1103/RevModPhys.62.113}
}

@article{PhysRevB.85.155124,
  title = {Repulsion-to-attraction transition in correlated electron systems triggered by a monocycle pulse},
  author = {Tsuji, Naoto and Oka, Takashi and Aoki, Hideo and Werner, Philipp},
  journal = {Phys. Rev. B},
  volume = {85},
  issue = {15},
  pages = {155124},
  numpages = {6},
  year = {2012},
  month = {Apr},
  publisher = {American Physical Society},
  doi = {10.1103/PhysRevB.85.155124},
  url = {https://link.aps.org/doi/10.1103/PhysRevB.85.155124}
}

@article{ANDERSEN19951573,
title = {LDA energy bands, low-energy hamiltonians, t', t", $t_{\bot}$ (k), and $J_{\bot}$},
journal = "Journal of Physics and Chemistry of Solids",
volume = "56",
number = "12",
pages = "1573 - 1591",
year = "1995",
note = "Proceedings of the Conference on Spectroscopies in Novel Superconductors",
issn = "0022-3697",
doi = "https://doi.org/10.1016/0022-3697(95)00269-3",
url = "http://www.sciencedirect.com/science/article/pii/0022369795002693",
author = "O.K. Andersen and A.I. Liechtenstein and O. Jepsen and F. Paulsen",
}












% 2-orbital FLEX

@article{PhysRevLett.105.057003,
  title = {Two-Orbital Model Explains the Higher Transition Temperature of the Single-Layer Hg-Cuprate Superconductor Compared to That of the La-Cuprate Superconductor},
  author = {Sakakibara, Hirofumi and Usui, Hidetomo and Kuroki, Kazuhiko and Arita, Ryotaro and Aoki, Hideo},
  journal = {Phys. Rev. Lett.},
  volume = {105},
  issue = {5},
  pages = {057003},
  numpages = {4},
  year = {2010},
  month = {Jul},
  publisher = {American Physical Society},
  doi = {10.1103/PhysRevLett.105.057003},
  url = {https://link.aps.org/doi/10.1103/PhysRevLett.105.057003}
}

@article{PhysRevB.85.064501,
  title = {Origin of the material dependence of ${T}_{c}$ in the single-layered cuprates},
  author = {Sakakibara, Hirofumi and Usui, Hidetomo and Kuroki, Kazuhiko and Arita, Ryotaro and Aoki, Hideo},
  journal = {Phys. Rev. B},
  volume = {85},
  issue = {6},
  pages = {064501},
  numpages = {12},
  year = {2012},
  month = {Feb},
  publisher = {American Physical Society},
  doi = {10.1103/PhysRevB.85.064501},
  url = {https://link.aps.org/doi/10.1103/PhysRevB.85.064501}
}


@article{PhysRevB.87.045113,
  title = {Development of a two-particle self-consistent method for multiorbital systems and its application to unconventional superconductors},
  author = {Miyahara, Hideyuki and Arita, Ryotaro and Ikeda, Hiroaki},
  journal = {Phys. Rev. B},
  volume = {87},
  issue = {4},
  pages = {045113},
  numpages = {10},
  year = {2013},
  month = {Jan},
  publisher = {American Physical Society},
  doi = {10.1103/PhysRevB.87.045113},
  url = {https://link.aps.org/doi/10.1103/PhysRevB.87.045113}
}



@article{PhysRevB.72.115106,
  title = {Correlation effects in electronic structure of actinide monochalcogenides},
  author = {Pourovskii, L. V. and Katsnelson, M. I. and Lichtenstein, A. I.},
  journal = {Phys. Rev. B},
  volume = {72},
  issue = {11},
  pages = {115106},
  numpages = {8},
  year = {2005},
  month = {Sep},
  publisher = {American Physical Society},
  doi = {10.1103/PhysRevB.72.115106},
  url = {https://link.aps.org/doi/10.1103/PhysRevB.72.115106}
}

@article{PhysRevB.92.195123,
  title = {Dynamics of screening in photodoped Mott insulators},
  author = {Gole\ifmmode \check{z}\else \v{z}\fi{}, Denis and Eckstein, Martin and Werner, Philipp},
  journal = {Phys. Rev. B},
  volume = {92},
  issue = {19},
  pages = {195123},
  numpages = {17},
  year = {2015},
  month = {Nov},
  publisher = {American Physical Society},
  doi = {10.1103/PhysRevB.92.195123},
  url = {https://link.aps.org/doi/10.1103/PhysRevB.92.195123}
}
@article{PhysRevLett.114.246402,
  title = {Bad-Metal Behavior Reveals Mott Quantum Criticality in Doped Hubbard Models},
  author = {Vu\ifmmode \check{c}\else \v{c}\fi{}i\ifmmode \check{c}\else \v{c}\fi{}evi\ifmmode \acute{c}\else \'{c}\fi{}, J. and Tanaskovi\ifmmode \acute{c}\else \'{c}\fi{}, D. and Rozenberg, M. J. and Dobrosavljevi\ifmmode \acute{c}\else \'{c}\fi{}, V.},
  journal = {Phys. Rev. Lett.},
  volume = {114},
  issue = {24},
  pages = {246402},
  numpages = {5},
  year = {2015},
  month = {Jun},
  publisher = {American Physical Society},
  doi = {10.1103/PhysRevLett.114.246402},
  url = {https://link.aps.org/doi/10.1103/PhysRevLett.114.246402}
}
@article{PhysRevB.57.6884,
  title = {Ab initio calculations of quasiparticle band structure in correlated systems: LDA++ approach},
  author = {Lichtenstein, A. I. and Katsnelson, M. I.},
  journal = {Phys. Rev. B},
  volume = {57},
  issue = {12},
  pages = {6884--6895},
  numpages = {0},
  year = {1998},
  month = {Mar},
  publisher = {American Physical Society},
  doi = {10.1103/PhysRevB.57.6884},
  url = {https://link.aps.org/doi/10.1103/PhysRevB.57.6884}
}
@ARTICLE{2005JPCM...17...61D,
   author = {{Drchal}, V. and {Janis}, V. and {Kudrnovsk{\'y}}, J. and {Oudovenko}, V.~S. and 
	{Dai}, X. and {Haule}, K. and {Kotliar}, G.},
    title = "{Dynamical correlations in multiorbital Hubbard models: fluctuation exchange approximations}",
  journal = {Journal of Physics Condensed Matter},
   eprint = {cond-mat/0307682},
     year = 2005,
    month = jan,
   volume = 17,
    pages = {61-74},
      doi = {10.1088/0953-8984/17/1/007},
   adsurl = {http://adsabs.harvard.edu/abs/2005JPCM...17...61D},
  adsnote = {Provided by the SAO/NASA Astrophysics Data System}
}



%TDDFT
%The Many-Body Problem 
@article{doi:10.1002/andp.19273892002,
author = {Born, M. and Oppenheimer, R.},
title = {Zur Quantentheorie der Molekeln},
journal = {Annalen der Physik},
volume = {389},
pages = {457-484},
doi = {10.1002/andp.19273892002},
url = {https://onlinelibrary.wiley.com/doi/abs/10.1002/andp.19273892002},
year = {1927}
}
@article{RevModPhys.71.1253,
  title = {Nobel Lecture: Electronic structure of matter---wave functions and density functionals},
  author = {Kohn, W.},
  journal = {Rev. Mod. Phys.},
  volume = {71},
  issue = {5},
  pages = {1253--1266},
  numpages = {0},
  year = {1999},
  month = {Oct},
  publisher = {American Physical Society},
  doi = {10.1103/RevModPhys.71.1253},
  url = {https://link.aps.org/doi/10.1103/RevModPhys.71.1253}
}














%DFT \citep{RevModPhys.61.689}
@article{RevModPhys.61.689,
  title = {The density functional formalism, its applications and prospects},
  author = {Jones, R. O. and Gunnarsson, O.},
  journal = {Rev. Mod. Phys.},
  volume = {61},
  issue = {3},
  pages = {689--746},
  numpages = {0},
  year = {1989},
  month = {Jul},
  publisher = {American Physical Society},
  doi = {10.1103/RevModPhys.61.689},
  url = {https://link.aps.org/doi/10.1103/RevModPhys.61.689}
}
@article{PhysRev.136.B864,
  title = {Inhomogeneous Electron Gas},
  author = {Hohenberg, P. and Kohn, W.},
  journal = {Phys. Rev.},
  volume = {136},
  issue = {3B},
  pages = {B864--B871},
  numpages = {0},
  year = {1964},
  month = {Nov},
  publisher = {American Physical Society},
  doi = {10.1103/PhysRev.136.B864},
  url = {https://link.aps.org/doi/10.1103/PhysRev.136.B864}
}
@article{PhysRev.140.A1133,
  title = {Self-Consistent Equations Including Exchange and Correlation Effects},
  author = {Kohn, W. and Sham, L. J.},
  journal = {Phys. Rev.},
  volume = {140},
  issue = {4A},
  pages = {A1133--A1138},
  numpages = {0},
  year = {1965},
  month = {Nov},
  publisher = {American Physical Society},
  doi = {10.1103/PhysRev.140.A1133},
  url = {https://link.aps.org/doi/10.1103/PhysRev.140.A1133}
}
@article {Levy6062,
	author = {Levy, Mel},
	title = {Universal variational functionals of electron densities, first-order density matrices, and natural spin-orbitals and solution of the v-representability problem},
	volume = {76},
	number = {12},
	pages = {6062--6065},
	year = {1979},
	doi = {10.1073/pnas.76.12.6062},
	publisher = {National Academy of Sciences},
	issn = {0027-8424},
	URL = {https://www.pnas.org/content/76/12/6062},
	eprint = {https://www.pnas.org/content/76/12/6062.full.pdf},
	journal = {Proceedings of the National Academy of Sciences}
}
%Kohn-Sham equations \citep{Niesert:15621}
@article{d708ea4e-b296-4065-a471-c6f480e1d50e,
  author       = {von Barth, Ulf and Hedin, Lars},
  language     = {eng},
  number       = {13},
  pages        = {1629--1642},
  publisher    = {IOP Publishing},
  series       = {Journal of Physics C: Solid State Physics},
  title        = {A local exchange-correlation potential for the spin polarized case: I},
  volume       = {5},
  year         = {1972},
}
@article{PANT19721157,
title = "Theory of inhomogeneous magnetic electron gas",
journal = "Solid State Communications",
volume = "10",
number = "12",
pages = "1157 - 1160",
year = "1972",
issn = "0038-1098",
doi = "10.1016/0038-1098(72)90934-9",
url = "http://www.sciencedirect.com/science/article/pii/0038109872909349",
author = "M.M. Pant and A.K. Rajagopal"
}
@article{PhysRevLett.45.566,
  title = {Ground State of the Electron Gas by a Stochastic Method},
  author = {Ceperley, D. M. and Alder, B. J.},
  journal = {Phys. Rev. Lett.},
  volume = {45},
  issue = {7},
  pages = {566--569},
  numpages = {0},
  year = {1980},
  month = {Aug},
  publisher = {American Physical Society},
  doi = {10.1103/PhysRevLett.45.566},
  url = {https://link.aps.org/doi/10.1103/PhysRevLett.45.566}
}
@article{doi:10.1139/p80-159,
author = {Vosko, S. H. and Wilk, L. and Nusair, M.},
title = {Accurate spin-dependent electron liquid correlation energies for local spin density calculations: a critical analysis},
journal = {Canadian Journal of Physics},
volume = {58},
number = {8},
pages = {1200-1211},
year = {1980},
doi = {10.1139/p80-159},
URL = {https://doi.org/10.1139/p80-159}
}
@PHDTHESIS{Niesert:15621,
      author       = {Niesert, M.},
      title        = {{A}b initio {C}alculations of {S}pin-{W}ave {E}xcitation
                      {S}pectra from {T}ime-{D}ependent {D}ensity-{F}unctional
                      {T}heory},
      volume       = {38},
      issn         = {1866-1807},
      school       = {RWTH Aachen},
      type         = {Dr. (Univ.)},
      reportid     = {PreJuSER-15621},
      series       = {Schriften des Forschungszentrums Jülich :
                      Schlüsseltechnologien / Key Technologies},
      year         = {2011},
      note         = {Record converted from VDB: 12.11.2012; Aachen, RWTH, Diss.,
                      2011},
      cin          = {PGI-1 / IAS-1},
      cid          = {I:(DE-Juel1)PGI-1-20110106 / I:(DE-Juel1)IAS-1-20090406},
      pnm          = {Grundlagen für zukünftige Informationstechnologien},
      pid          = {G:(DE-Juel1)FUEK412},
      typ          = {PUB:(DE-HGF)11 / PUB:(DE-HGF)3},
      url          = {http://juser.fz-juelich.de/record/15621},
}
@PHDTHESIS{Gorni_Tommaso_PhD,
      author       = {Gorni, T.},
      title        = {Spin-fluctuation spectra in magnetic systems: a novel approach based on TDDFT},
      type         = {Dr. (Univ.)},
      year         = {2016},
      url          = {http://hdl.handle.net/20.500.11767/43342}
}
%FLAPW \citep{Marques_Gross_TDDFT}
@article{PhysRev.51.846,
  title = {Wave Functions in a Periodic Potential},
  author = {Slater, J. C.},
  journal = {Phys. Rev.},
  volume = {51},
  issue = {10},
  pages = {846--851},
  numpages = {0},
  year = {1937},
  month = {May},
  publisher = {American Physical Society},
  doi = {10.1103/PhysRev.51.846},
  url = {https://link.aps.org/doi/10.1103/PhysRev.51.846}
}
@incollection{SLATER196435,
title = "Energy~Band~Calculations~by~the~Augmented~Plane~Wave~Method",
editor = "Per-Olov Löwdin",
series = "Advances in Quantum Chemistry",
publisher = "Academic Press",
volume = "1",
pages = "35 - 58",
year = "1964",
issn = "0065-3276",
doi = "10.1016/S0065-3276(08)60374-3",
%url = "http://www.sciencedirect.com/science/article/pii/S0065327608603743",
author = "J.C.~Slater",
}
@article{PhysRevB.12.3060,
  title = {Linear methods in band theory},
  author = {Andersen, O. Krogh},
  journal = {Phys. Rev. B},
  volume = {12},
  issue = {8},
  pages = {3060--3083},
  numpages = {0},
  year = {1975},
  month = {Oct},
  publisher = {American Physical Society},
  doi = {10.1103/PhysRevB.12.3060},
  url = {https://link.aps.org/doi/10.1103/PhysRevB.12.3060}
}
@article{PhysRevB.2.290,
  title = {Alternative Augmented-Plane-Wave Technique: Theory and Application to Copper},
  author = {Koelling, Dale Dean},
  journal = {Phys. Rev. B},
  volume = {2},
  issue = {2},
  pages = {290--298},
  numpages = {0},
  year = {1970},
  month = {Jul},
  publisher = {American Physical Society},
  doi = {10.1103/PhysRevB.2.290},
  url = {https://link.aps.org/doi/10.1103/PhysRevB.2.290}
}
@article{1b377df636c341958da06dc78aafa8d1,
title = "Full-potential self-consistent linearized-augmented-plane-wave method for calculating the electronic structure of molecules and surfaces: O2 molecule",
author = "E. Wimmer and H. Krakauer and M. Weinert and Freeman, {A. J.}",
year = "1981",
doi = "10.1103/PhysRevB.24.864",
language = "English",
volume = "24",
pages = "864--875",
journal = "Physical Review B-Condensed Matter",
issn = "1098-0121",
publisher = "American Physical Society",
number = "2"
}
@article{PhysRevLett.42.662,
  title = {Semiconductor Charge Densities with Hard-Core and Soft-Core Pseudopotentials},
  author = {Hamann, D. R.},
  journal = {Phys. Rev. Lett.},
  volume = {42},
  issue = {10},
  pages = {662--665},
  numpages = {0},
  year = {1979},
  month = {Mar},
  publisher = {American Physical Society},
  doi = {10.1103/PhysRevLett.42.662},
  url = {https://link.aps.org/doi/10.1103/PhysRevLett.42.662}
}
@article{PhysRevB.30.561,
  title = {Total-energy full-potential linearized augmented-plane-wave method for bulk solids: Electronic and structural properties of tungsten},
  author = {Jansen, H. J. F. and Freeman, A. J.},
  journal = {Phys. Rev. B},
  volume = {30},
  issue = {2},
  pages = {561--569},
  numpages = {0},
  year = {1984},
  month = {Jul},
  publisher = {American Physical Society},
  doi = {10.1103/PhysRevB.30.561},
  url = {https://link.aps.org/doi/10.1103/PhysRevB.30.561}
}
@PHDTHESIS{Freimuth:15619,
      author       = {Freimuth, F.},
      title        = {{A}n {E}fficient {F}ull-{P}otential {L}inearized
                      {A}ugmented-{P}lane-{W}ave {E}lectronic {S}tructure {M}ethod
                      for {C}harge and {S}pin {T}ransport through realistic
                      {N}anoferronic {J}unctions},
      school       = {RWTH Aachen},
      type         = {Dr. (Univ.)},
      reportid     = {PreJuSER-15619},
      year         = {2011},
      note         = {Record converted from VDB: 12.11.2012; Aachen, RWTH, Diss.,
                      2011},
      cin          = {PGI-1 / IAS-1},
      cid          = {I:(DE-Juel1)PGI-1-20110106 / I:(DE-Juel1)IAS-1-20090406},
      pnm          = {Grundlagen für zukünftige Informationstechnologien},
      pid          = {G:(DE-Juel1)FUEK412},
      typ          = {PUB:(DE-HGF)11},
      url          = {http://juser.fz-juelich.de/record/15619}
}
@PHDTHESIS{Mokrousov:61374,
      author       = {Mokrousov, Y.},
      title        = {{A}b initio all-electron full-potential linearized
                      augmented plane-wave method for one-dimensional systems},
      school       = {RWTH Aachen},
      type         = {Dr. (Univ.)},
      address      = {Aachen},
      publisher    = {RWTH},
      reportid     = {PreJuSER-61374},
      year         = {2005},
      note         = {Record converted from VDB: 12.11.2012; Aachen, RWTH, Diss.,
                      2005},
      cin          = {IFF-1},
      cid          = {I:(DE-Juel1)VDB781},
      pnm          = {Kondensierte Materie},
      pid          = {G:(DE-Juel1)FUEK414},
      typ          = {PUB:(DE-HGF)11},
      url          = {http://juser.fz-juelich.de/record/61374},
}
% Time-dependent density-functional theory \citep{Niesert:15621}
@BOOK{Marques_Gross_TDDFT,
  TITLE = {Time-Dependent Density Functional Theory},
  author = {A. L. Marques, Miguel and A. Ullrich, Carsten and Nogueira, Fernando and Rubio, Angel and Burke, Kieron and Gross, Eberhard},
  YEAR = {2006},
  PUBLISHER = {Springer, Berlin, Heidelberg},
  doi = {10.1007/b11767107}
}
@article{PhysRevLett.52.997,
  title = {Density-Functional Theory for Time-Dependent Systems},
  author = {Runge, Erich and Gross, E. K. U.},
  journal = {Phys. Rev. Lett.},
  volume = {52},
  issue = {12},
  pages = {997--1000},
  numpages = {0},
  year = {1984},
  month = {Mar},
  publisher = {American Physical Society},
  doi = {10.1103/PhysRevLett.52.997},
  url = {https://link.aps.org/doi/10.1103/PhysRevLett.52.997}
}
% article 
@BOOK{MoriyaBook,
  TITLE = {Spin fluctuations in itinerant electron magnetism},
  author = {T. Moriya},
  YEAR = {1985},
  PUBLISHER = {Springer, Berlin},
  doi = {https://doi.org/10.1007/978-3-642-82499-9}
}
@BOOK{TakahashiBook,
  TITLE = {Spin Fluctuation Theory of Itinerant Electron Magnetism},
  author = {Y.~Takahashi},
  YEAR = {2013},
  %PUBLISHER = {Springer - Verlag Berlin  Heidelberg},
  doi = {10.1007/978-3-642-36666-6}
}
@BOOK{SolontsovBook,
  TITLE = {Itinerant Electron Magnetism: Fluctuation Effects},
  author = {Eds. D. Wagner, W. Brauneck, and A. Solontsov},
  YEAR = {1998},
  PUBLISHER = {Kluwer Academic Publishers, Dordrecht},
  doi = {10.1007/978-3-642-82499-9}
}
@BOOK{KimBook,
  TITLE = {New Perspectives in Magnetism of Metals},
  author = {D. J. Kim},
  YEAR = {1999},
  PUBLISHER = {Kluwer Academic/Plenum Publishers, New York},
}
@article{QCPReview,
  title = {Metallic quantum ferromagnets},
  author = {Brando, M. and Belitz, D. and Grosche, F. M. and Kirkpatrick, T. R.},
  journal = {Rev. Mod. Phys.},
  volume = {88},
  issue = {2},
  pages = {025006},
  numpages = {71},
  year = {2016},
  month = {May},
  publisher = {American Physical Society},
  doi = {10.1103/RevModPhys.88.025006},
  url = {https://link.aps.org/doi/10.1103/RevModPhys.88.025006}
}
@ARTICLE{Kubo,
   author = {{Kubo}, R.},
    title = "{The fluctuation-dissipation theorem}",
  journal = {Reports on Progress in Physics},
     year = 1966,
    month = jan,
   volume = 29,
    pages = {255-284},
      doi = {10.1088/0034-4885/29/1/306},
   adsurl = {https://ui.adsabs.harvard.edu/abs/1966RPPh...29..255K},
}
@article{Dai,
  title = {Antiferromagnetic order and spin dynamics in iron-based superconductors},
  author = {Dai, Pengcheng},
  journal = {Rev. Mod. Phys.},
  volume = {87},
  issue = {3},
  pages = {855--896},
  numpages = {42},
  year = {2015},
  month = {Aug},
  publisher = {American Physical Society},
  doi = {10.1103/RevModPhys.87.855},
  url = {https://link.aps.org/doi/10.1103/RevModPhys.87.855}
}
@BOOK{experiment,
  TITLE = {Polarized electrons in surface physics},
  author = {Eds. R. Feder},
  YEAR = {1985},
  PUBLISHER = {World Scientific, Singapore},
}
@BOOK{ultrafast_Mag,
  TITLE = {Ultrafast Magnetism I},
  author = {Eds. J.Y. Bigot, and W. Hubner,and T. Rasing, and R. Chantrell},
  YEAR = {2013},
  PUBLISHER = {Springer International Publishing},
  doi = {10.1007/978-3-319-07743-7}
}
@article{Savrasov,
  title = {Linear Response Calculations of Spin Fluctuations},
  author = {Savrasov, S. Y.},
  journal = {Phys. Rev. Lett.},
  volume = {81},
  issue = {12},
  pages = {2570--2573},
  numpages = {0},
  year = {1998},
  month = {Sep},
  publisher = {American Physical Society},
  doi = {10.1103/PhysRevLett.81.2570},
  url = {https://link.aps.org/doi/10.1103/PhysRevLett.81.2570}
}
@article{Staunton,
  title = {Incommensurate and Commensurate Antiferromagnetic Spin Fluctuations in Cr and Cr Alloys from Ab Initio Dynamical Spin Susceptibility Calculations},
  author = {Staunton, J. B. and Poulter, J. and Ginatempo, B. and Bruno, E. and Johnson, D. D.},
  journal = {Phys. Rev. Lett.},
  volume = {82},
  issue = {16},
  pages = {3340--3343},
  numpages = {0},
  year = {1999},
  month = {Apr},
  publisher = {American Physical Society},
  doi = {10.1103/PhysRevLett.82.3340},
  url = {https://link.aps.org/doi/10.1103/PhysRevLett.82.3340}
}
@article{Costa,
  title = {Theory of large-wave-vector spin waves in ultrathin ferromagnetic films: Sensitivity to electronic structure},
  author = {Costa, A. T. and Muniz, R. B. and Mills, D. L.},
  journal = {Phys. Rev. B},
  volume = {70},
  issue = {5},
  pages = {054406},
  numpages = {8},
  year = {2004},
  month = {Aug},
  publisher = {American Physical Society},
  doi = {10.1103/PhysRevB.70.054406},
  url = {https://link.aps.org/doi/10.1103/PhysRevB.70.054406}
}
@article{Buczek,
  title = {Different dimensionality trends in the Landau damping of magnons in iron, cobalt, and nickel: Time-dependent density functional study},
  author = {Buczek, Pawe\l{} and Ernst, Arthur and Sandratskii, Leonid M.},
  journal = {Phys. Rev. B},
  volume = {84},
  issue = {17},
  pages = {174418},
  numpages = {23},
  year = {2011},
  month = {Nov},
  publisher = {American Physical Society},
  doi = {10.1103/PhysRevB.84.174418},
  url = {https://link.aps.org/doi/10.1103/PhysRevB.84.174418}
}
@article{Bergara,
  title = {Efficient computation of magnon dispersions within time-dependent density functional theory using maximally localized Wannier functions},
  author = {Rousseau, Bruno and Eiguren, Asier and Bergara, Aitor},
  journal = {Phys. Rev. B},
  volume = {85},
  issue = {5},
  pages = {054305},
  numpages = {15},
  year = {2012},
  month = {Feb},
  publisher = {American Physical Society},
  doi = {10.1103/PhysRevB.85.054305},
  url = {https://link.aps.org/doi/10.1103/PhysRevB.85.054305}
}
@article{Lounis,
  title = {Transverse dynamical magnetic susceptibilities from regular static density functional theory: Evaluation of damping and $g$ shifts of spin excitations},
  author = {Lounis, Samir and dos Santos Dias, Manuel and Schweflinghaus, Benedikt},
  journal = {Phys. Rev. B},
  volume = {91},
  issue = {10},
  pages = {104420},
  numpages = {6},
  year = {2015},
  month = {Mar},
  publisher = {American Physical Society},
  doi = {10.1103/PhysRevB.91.104420},
  url = {https://link.aps.org/doi/10.1103/PhysRevB.91.104420}
}
@article{Schilfgaarde,
	doi = {10.1088/0953-8984/20/29/295214},
	url = {https://doi.org/10.1088%2F0953-8984%2F20%2F29%2F295214},
	year = 2008,
	month = {jul},
	publisher = {{IOP} Publishing},
	volume = {20},
	number = {29},
	pages = {295214},
	author = {Takao Kotani and Mark van Schilfgaarde},
	title = {Spin wave dispersion based on the quasiparticle self-{consistentGWmethod}: {NiO}, {MnO} and $\alpha$-{MnAs}},
	journal = {Journal of Physics: Condensed Matter},
}
@article{Blugel,
  title = {Wannier-function approach to spin excitations in solids},
  author = {\ifmmode \mbox{\c{S}}\else \c{S}\fi{}a\ifmmode \mbox{\c{s}}\else \c{s}\fi{}\ifmmode \imath \else \i \fi{}o\ifmmode \breve{g}\else \u{g}\fi{}lu, Ersoy and Schindlmayr, Arno and Friedrich, Christoph and Freimuth, Frank and Bl\"ugel, Stefan},
  journal = {Phys. Rev. B},
  volume = {81},
  issue = {5},
  pages = {054434},
  numpages = {16},
  year = {2010},
  month = {Feb},
  publisher = {American Physical Society},
  doi = {10.1103/PhysRevB.81.054434},
  url = {https://link.aps.org/doi/10.1103/PhysRevB.81.054434}
}
@article{Shimizu,
title = "Effects of spin fluctuations in transition metals and compounds",
journal = "Journal of Magnetism and Magnetic Materials",
volume = "31-34",
pages = "299 - 300",
year = "1983",
issn = "0304-8853",
doi = "https://doi.org/10.1016/0304-8853(83)90257-3",
url = "http://www.sciencedirect.com/science/article/pii/0304885383902573",
author = "M. Shimizu"
}
@article{Lonzarich,
title = "Quasiparticles and magnetic fluctuations in metals with large magnetic susceptibilities",
journal = "Journal of Magnetism and Magnetic Materials",
volume = "70",
number = "1",
pages = "445 - 450",
year = "1987",
issn = "0304-8853",
doi = "https://doi.org/10.1016/0304-8853(87)90500-2",
url = "http://www.sciencedirect.com/science/article/pii/0304885387905002",
author = "G.G. Lonzarich"
}
@article{Solontsov,
  title = {Zero-point spin fluctuations and the magnetovolume effect in itinerant-electron magnetism},
  author = {Solontsov, A. Z. and Wagner, D.},
  journal = {Phys. Rev. B},
  volume = {51},
  issue = {18},
  pages = {12410--12417},
  numpages = {0},
  year = {1995},
  month = {May},
  publisher = {American Physical Society},
  doi = {10.1103/PhysRevB.51.12410},
  url = {https://link.aps.org/doi/10.1103/PhysRevB.51.12410}
}
@article{Solontsov2,
  title = {Effects of spin fluctuations and anomalous thermal expansion of $\ensuremath{\delta}\text{-Pu}$},
  author = {Solontsov, A. and Antropov, V. P.},
  journal = {Phys. Rev. B},
  volume = {81},
  issue = {21},
  pages = {214402},
  numpages = {5},
  year = {2010},
  month = {Jun},
  publisher = {American Physical Society},
  doi = {10.1103/PhysRevB.81.214402},
  url = {https://link.aps.org/doi/10.1103/PhysRevB.81.214402}
}
@article{Antropov,
author = {Antropov,V. P.  and Solontsov,A. },
title = {The influence of quantum spin fluctuations on magnetic instability},
journal = {Journal of Applied Physics},
volume = {109},
number = {7},
pages = {07E116},
year = {2011},
doi = {10.1063/1.3549656},
URL = {https://doi.org/10.1063/1.3549656},
eprint = {https://doi.org/10.1063/1.3549656}
}
@article{Kotliar,
  title = {Electronic structure calculations with dynamical mean-field theory},
  author = {Kotliar, G. and Savrasov, S. Y. and Haule, K. and Oudovenko, V. S. and Parcollet, O. and Marianetti, C. A.},
  journal = {Rev. Mod. Phys.},
  volume = {78},
  issue = {3},
  pages = {865--951},
  numpages = {0},
  year = {2006},
  month = {Aug},
  publisher = {American Physical Society},
  doi = {10.1103/RevModPhys.78.865},
  url = {https://link.aps.org/doi/10.1103/RevModPhys.78.865}
}
@article{Zein,
  title = {Self-Consistent Green Function Approach for Calculation of Electronic Structure in Transition Metals},
  author = {Zein, N. E. and Antropov, V. P.},
  journal = {Phys. Rev. Lett.},
  volume = {89},
  issue = {12},
  pages = {126402},
  numpages = {4},
  year = {2002},
  month = {Aug},
  publisher = {American Physical Society},
  doi = {10.1103/PhysRevLett.89.126402},
  url = {https://link.aps.org/doi/10.1103/PhysRevLett.89.126402}
}
@article{Lichtenstein,
  title = {Finite-Temperature Magnetism of Transition Metals: An ab initio Dynamical Mean-Field Theory},
  author = {Lichtenstein, A. I. and Katsnelson, M. I. and Kotliar, G.},
  journal = {Phys. Rev. Lett.},
  volume = {87},
  issue = {6},
  pages = {067205},
  numpages = {4},
  year = {2001},
  month = {Jul},
  publisher = {American Physical Society},
  doi = {10.1103/PhysRevLett.87.067205},
  url = {https://link.aps.org/doi/10.1103/PhysRevLett.87.067205}
}
@article{Yin,
  title = {Kinetic frustration and the nature of the magnetic and paramagnetic states in iron pnictides and iron chalcogenides},
  author = {Yin, Z. P. and Haule, K. and Kotliar, G.},
  journal = {Nature Materials},
  volume = {10},
  year = {2011},
  publisher = {Nature Publishing Group},
  url = {https://doi.org/10.1038/nmat3120}
}
@article{Igoshev,
  title = {Magnetic exchange in $\ensuremath{\alpha}$-iron from ab initio calculations in the paramagnetic phase},
  author = {Igoshev, P. A. and Efremov, A. V. and Katanin, A. A.},
  journal = {Phys. Rev. B},
  volume = {91},
  issue = {19},
  pages = {195123},
  numpages = {6},
  year = {2015},
  month = {May},
  publisher = {American Physical Society},
  doi = {10.1103/PhysRevB.91.195123},
  url = {https://link.aps.org/doi/10.1103/PhysRevB.91.195123}
}
@article{Wysocki,
  title = {Strength and scales of itinerant spin fluctuations in $3d$ paramagnetic metals},
  author = {Wysocki, Aleksander L. and Kutepov, Andrey and Antropov, Vladimir P.},
  journal = {Phys. Rev. B},
  volume = {94},
  issue = {14},
  pages = {140405},
  numpages = {5},
  year = {2016},
  month = {Oct},
  publisher = {American Physical Society},
  doi = {10.1103/PhysRevB.94.140405},
  url = {https://link.aps.org/doi/10.1103/PhysRevB.94.140405}
}
@article{Gross,
  title = {Local density-functional theory of frequency-dependent linear response},
  author = {Gross, E. K. U. and Kohn, Walter},
  journal = {Phys. Rev. Lett.},
  volume = {55},
  issue = {26},
  pages = {2850--2852},
  numpages = {0},
  year = {1985},
  month = {Dec},
  publisher = {American Physical Society},
  doi = {10.1103/PhysRevLett.55.2850},
  url = {https://link.aps.org/doi/10.1103/PhysRevLett.55.2850}
}
@article{Edwards,
	doi = {10.1088/0305-4608/8/7/023},
	url = {https://doi.org/10.1088%2F0305-4608%2F8%2F7%2F023},
	year = 1978,
	month = {jul},
	publisher = {{IOP} Publishing},
	volume = {8},
	number = {7},
	pages = {1501--1512},
	author = {D M Edwards and M A Rahman},
	title = {The transverse dynamical susceptibility of ferromagnets and antiferromagnets within the local exchange approximation},
	journal = {Journal of Physics F: Metal Physics},
}
@article{Kutepov2,
  title = {Electronic structure of Pu and Am metals by self-consistent relativistic $GW$ method},
  author = {Kutepov, Andrey and Haule, Kristjan and Savrasov, Sergey Y. and Kotliar, Gabriel},
  journal = {Phys. Rev. B},
  volume = {85},
  issue = {15},
  pages = {155129},
  numpages = {22},
  year = {2012},
  month = {Apr},
  publisher = {American Physical Society},
  doi = {10.1103/PhysRevB.85.155129},
  url = {https://link.aps.org/doi/10.1103/PhysRevB.85.155129}
}
@article{Kutepov,
	doi = {10.1088/0953-8984/15/17/315},
	url = {https://doi.org/10.1088%2F0953-8984%2F15%2F17%2F315},
	year = 2003,
	month = {apr},
	publisher = {{IOP} Publishing},
	volume = {15},
	number = {17},
	pages = {2607--2624},
	author = {A L Kutepov and S G Kutepova},
	title = {Theab initioground state properties and magnetic structure of plutonium},
	journal = {Journal of Physics: Condensed Matter}
}
@article{PB,
  title = {Linear-muffin-tin-orbital method with multiple orbitals per L channel},
  author = {Aryasetiawan, F. and Gunnarsson, O.},
  journal = {Phys. Rev. B},
  volume = {49},
  issue = {11},
  pages = {7219--7232},
  numpages = {0},
  year = {1994},
  month = {Mar},
  publisher = {American Physical Society},
  doi = {10.1103/PhysRevB.49.7219},
  url = {https://link.aps.org/doi/10.1103/PhysRevB.49.7219}
}
@Article{Vidberg,
author="Vidberg, H. J.
and Serene, J. W.",
title="Solving the Eliashberg equations by means ofN-point Pad{\'e} approximants",
journal="Journal of Low Temperature Physics",
year="1977",
month="Nov",
day="01",
volume="29",
number="3",
pages="179--192",
issn="1573-7357",
doi="10.1007/BF00655090",
url="https://doi.org/10.1007/BF00655090"
}
@online{elk,
  url = {http://elk.sourceforge.net/},
}
@article{Lounis3,
  title = {Theory of local dynamical magnetic susceptibilities from the Korringa-Kohn-Rostoker Green function method},
  author = {Lounis, S. and Costa, A. T. and Muniz, R. B. and Mills, D. L.},
  journal = {Phys. Rev. B},
  volume = {83},
  issue = {3},
  pages = {035109},
  numpages = {12},
  year = {2011},
  month = {Jan},
  publisher = {American Physical Society},
  doi = {10.1103/PhysRevB.83.035109},
  url = {https://link.aps.org/doi/10.1103/PhysRevB.83.035109}
}
@article{Antropov2,
  title = {Spin dynamics in magnets: Equation of motion and finite temperature effects},
  author = {Antropov, V. P. and Katsnelson, M. I. and Harmon, B. N. and van Schilfgaarde, M. and Kusnezov, D.},
  journal = {Phys. Rev. B},
  volume = {54},
  issue = {2},
  pages = {1019--1035},
  numpages = {0},
  year = {1996},
  month = {Jul},
  publisher = {American Physical Society},
  doi = {10.1103/PhysRevB.54.1019},
  url = {https://link.aps.org/doi/10.1103/PhysRevB.54.1019}
}
@article{Lounis2,
  title = {Zero-Point Spin-Fluctuations of Single Adatoms},
  author = {Ibañez-Azpiroz, J. and dos Santos Dias, M. and Blügel, S. and Lounis, S.},
  journal = {Nano Letters},
  volume = {16},
  issue = {7},
  year = {2016},
  month = {Jul},
  publisher = {American Chemical Society},
  doi = {10.1021/acs.nanolett.6b01344},
  url = {https://doi.org/10.1021/acs.nanolett.6b01344}
}
@article{RPA,
	doi = {10.1088/0953-8984/24/7/073201},
	url = {https://doi.org/10.1088%2F0953-8984%2F24%2F7%2F073201},
	year = 2012,
	month = {jan},
	publisher = {{IOP} Publishing},
	volume = {24},
	number = {7},
	pages = {073201},
	author = {John F Dobson and Tim Gould},
	title = {Calculation of dispersion energies},
	journal = {Journal of Physics: Condensed Matter}
}

@BOOK{Oura_2003,
  TITLE = {Surface Science. An Introduction},
  author = {K. Oura, and M. Katayama, and A. V. Zotov, and V. G. Lifshits, and A. A. Saranin},
  YEAR = {2003},
  PUBLISHER = {Springer, Berlin, Heidelberg},
  doi = {10.1007/978-3-662-05179-5}
}


@article{Lander_1953,
  title = {Auger Peaks in the Energy Spectra of Secondary Electrons from Various Materials},
  author = {Lander, J. J.},
  journal = {Phys. Rev.},
  volume = {91},
  issue = {6},
  pages = {1382--1387},
  numpages = {0},
  year = {1953},
  month = {Sep},
  publisher = {American Physical Society},
  doi = {10.1103/PhysRev.91.1382},
  url = {https://link.aps.org/doi/10.1103/PhysRev.91.1382}
}

@article{LARKINS_1982,
title = "Theoretical developments in high resolution Auger electron studies of solids",
journal = "Applications of Surface Science",
volume = "13",
number = "1",
pages = "4 - 34",
year = "1982",
issn = "0378-5963",
doi = "https://doi.org/10.1016/0378-5963(82)90015-0",
url = "http://www.sciencedirect.com/science/article/pii/0378596382900150",
author = "F.P. Larkins",
}

@article{PhysRevB.96.184418,
  title = {Spin-density fluctuations and the fluctuation-dissipation theorem in $3d$ ferromagnetic metals},
  author = {Wysocki, A. L. and Valmispild, V. N. and Kutepov, A. and Sharma, S. and Dewhurst, J. K. and Gross, E. K. U. and Lichtenstein, A. I. and Antropov, V. P.},
  journal = {Phys. Rev. B},
  volume = {96},
  issue = {18},
  pages = {184418},
  numpages = {9},
  year = {2017},
  month = {Nov},
  publisher = {American Physical Society},
  doi = {10.1103/PhysRevB.96.184418},
  url = {https://link.aps.org/doi/10.1103/PhysRevB.96.184418}
}


%%%%%%%%%%%%%%%%%%%%%%%%%%%%%%%%%%%%%%%%%%%%%%%%%%%%%%%%%%%





@article {Gao_1,
	author = {Gao, Dongliang and Ding, Weiqiang and Nieto-Vesperinas, Manuel and Ding, Xumin and Rahman, Mahdy and Zhang, Tianhang and Lim, ChweeTeck and Qiu, Cheng-Wei},
	title = {Optical manipulation from the microscale to the nanoscale: fundamentals, advances and prospects},
	volume = {6},
	number = {2047-7538},
	year = {2017},
	doi = {10.1038/lsa.2017.39},
	URL = {https://doi.org/10.1038/lsa.2017.39},
	journal = {Light: Science and Applications}
}

@article{Oka_Aoki_1,
  title = {Photovoltaic Hall effect in graphene},
  author = {Oka, Takashi and Aoki, Hideo},
  journal = {Phys. Rev. B},
  volume = {79},
  issue = {8},
  pages = {081406},
  numpages = {4},
  year = {2009},
  month = {Feb},
  publisher = {American Physical Society},
  doi = {10.1103/PhysRevB.79.081406},
  url = {https://link.aps.org/doi/10.1103/PhysRevB.79.081406}
}

@article {Huebener_1,
	author = {Hübener, Hannes and Sentef, Michael A. and De Giovannini, Umberto and Kemper, Alexander F. and Rubio, Angel},
	title = {Creating stable Floquet–Weyl semimetals by laser-driving of 3D Dirac materials},
	volume = {8},
	number = {2041-1723},
	year = {2017},
	doi = {10.1038/ncomms13940},
	URL = {https://doi.org/10.1038/ncomms13940},
	journal = {Nature Communications}
}


@article{Popov_1,
author = { A.M. Popov  and  O.V. Tikhonova  and  E.A.Volkova },
title = {Different regimes of strong-field dynamics of atoms in intense low-frequency laser pulses},
journal = {Journal of Modern Optics},
volume = {58},
number = {13},
pages = {1195-1205},
year  = {2011},
publisher = {Taylor & Francis},
doi = {10.1080/09500340.2011.561935},
URL = {https://doi.org/10.1080/09500340.2011.561935},
eprint = { https://doi.org/10.1080/09500340.2011.561935    
}
}

@article{Henneberger_1,
  title = {Perturbation Method for Atoms in Intense Light Beams},
  author = {Henneberger, Walter C.},
  journal = {Phys. Rev. Lett.},
  volume = {21},
  issue = {12},
  pages = {838--841},
  numpages = {0},
  year = {1968},
  month = {Sep},
  publisher = {American Physical Society},
  doi = {10.1103/PhysRevLett.21.838},
  url = {https://link.aps.org/doi/10.1103/PhysRevLett.21.838}
}


@article{Gavrila_1,
	doi = {10.1088/0953-4075/35/18/201},
	url = {https://doi.org/10.1088%2F0953-4075%2F35%2F18%2F201},
	year = 2002,
	month = {sep},
	publisher = {{IOP} Publishing},
	volume = {35},
	number = {18},
	pages = {R147--R193},
	author = {Mihai Gavrila},
	title = {Atomic stabilization in superintense laser fields},
	journal = {Journal of Physics B: Atomic, Molecular and Optical Physics},
	}


@article {Matthews_1,
	author = {Matthews M. and Morales F. and  Patas A.and Lindinger A. and Gateau J. and Berti N. and Hermelin S. and Kasparian J. and Richter M. and Bredtmann T. and Smirnova O. and Wolf J.P. and Ivanov M},
	title = {Amplification of intense light fields by nearly free electrons},
	volume = {14},
	number = {695-700},
	year = {2018},
	doi = {10.1038/s41567-018-0105-0},
	journal = {Nature physics}
}

@article{Dunlap1986,
  title = {Dynamic localization of a charged particle moving under the influence of an electric field},
  author = {Dunlap, D. H. and Kenkre, V. M.},
  journal = {Phys. Rev. B},
  volume = {34},
  issue = {6},
  pages = {3625--3633},
  numpages = {0},
  year = {1986},
  month = {Sep},
  publisher = {American Physical Society},
  doi = {10.1103/PhysRevB.34.3625},
  url = {https://link.aps.org/doi/10.1103/PhysRevB.34.3625}
}

@article{PhysRevLett.110.136404,
  title = {Nonthermal Antiferromagnetic Order and Nonequilibrium Criticality in the Hubbard Model},
  author = {Tsuji, Naoto and Eckstein, Martin and Werner, Philipp},
  journal = {Phys. Rev. Lett.},
  volume = {110},
  issue = {13},
  pages = {136404},
  numpages = {5},
  year = {2013},
  month = {Mar},
  publisher = {American Physical Society},
  doi = {10.1103/PhysRevLett.110.136404},
  url = {https://link.aps.org/doi/10.1103/PhysRevLett.110.136404}
}

@ARTICLE{Cavalleri_2011,
   author = {{F{\"o}rst}, M. and {Manzoni}, C. and {Kaiser}, S. and {Tomioka}, Y. and 
	{Tokura}, Y. and {Merlin}, R. and {Cavalleri}, A.},
    title = "{Nonlinear phononics as an ultrafast route to lattice control}",
  journal = {Nature Physics},
   eprint = {1101.1878},
     year = 2011,
    month = nov,
   volume = 7,
    pages = {854-856},
      doi = {10.1038/nphys2055},
}


@ARTICLE{Rui,
   author = {{Silva}, R.~E.~F. and {Blinov}, I.~V. and {Rubtsov}, A.~N. and 
 {Smirnova}, O. and {Ivanov}, M.},
   title = "{High-harmonic spectroscopy of ultrafast many-body dynamics in strongly correlated systems}",
   journal = {Nature Photonics},
   eprint = {1704.08471},
   year = 2018,
   month = mar,
   volume = 12,
   pages = {266-270},
   doi = {10.1038/s41566-018-0129-0},
   url = {https://doi.org/10.1038/s41566-018-0129-0}
}


@article{Trebino_1997,
author = {Trebino,Rick  and DeLong,Kenneth W.  and Fittinghoff,David N.  and Sweetser,John N.  and Krumbügel,Marco A.  and Richman,Bruce A.  and Kane,Daniel J. },
title = {Measuring ultrashort laser pulses in the time-frequency domain using frequency-resolved optical gating},
journal = {Review of Scientific Instruments},
volume = {68},
number = {9},
pages = {3277-3295},
year = {1997},
doi = {10.1063/1.1148286},
URL = {https://doi.org/10.1063/1.1148286},
eprint = {https://doi.org/10.1063/1.1148286    
}
}

@article{Kane_1993,
author = {Daniel J. Kane and Rick Trebino},
journal = {Opt. Lett.},
keywords = {Femtosecond pulses; Phase matching; Phase measurement; Phase retrieval; Temporal resolution; Ultrashort pulses},
number = {10},
pages = {823--825},
publisher = {OSA},
title = {Single-shot measurement of the intensity and phase of an arbitrary ultrashort pulse by using frequency-resolved optical gating},
volume = {18},
month = {May},
year = {1993},
url = {http://ol.osa.org/abstract.cfm?URI=ol-18-10-823},
doi = {10.1364/OL.18.000823},
}

@article{Iaconis_1998,
author = {C. Iaconis and I. A. Walmsley},
journal = {Opt. Lett.},
keywords = {Interferometry; Ultrafast optics; Pulse shaping; Ultrafast measurements; Fourier transforms; Industrial optical metrology; Interferometry; Michelson interferometers; Nonlinear optical crystals; Spectral phase interferometry for direct field reconstruction},
number = {10},
pages = {792--794},
publisher = {OSA},
title = {Spectral phase interferometry for direct electric-field reconstruction of ultrashort optical pulses},
volume = {23},
month = {May},
year = {1998},
url = {http://ol.osa.org/abstract.cfm?URI=ol-23-10-792},
doi = {10.1364/OL.23.000792},
}

@ARTICLE{RupertHuber_2015,
   author = {Hohenleutner, M. and Langer, F. and Schubert, O. and Knorr, M. and Huttner, U. and Koch, S. W. and Kira, M. and Huber, R.},
    title = {Real-time observation of interfering crystal electrons in high-harmonic generation},
  journal = {Nature},
     year = {2015},
    month = {jul},
   volume = {523},
    pages = {572–575},
      doi = {10.1038/nature14652},
      url = {https://doi.org/10.1038/nature14652},
}


@article{Markiewicz,
  title = {One-band tight-binding model parametrization of the high-${T}_{c}$ cuprates including the effect of ${k}_{z}$ dispersion},
  author = {Markiewicz, R. S. and Sahrakorpi, S. and Lindroos, M. and Lin, Hsin and Bansil, A.},
  journal = {Phys. Rev. B},
  volume = {72},
  issue = {5},
  pages = {054519},
  numpages = {13},
  year = {2005},
  month = {Aug},
  publisher = {American Physical Society},
  doi = {10.1103/PhysRevB.72.054519},
  url = {https://link.aps.org/doi/10.1103/PhysRevB.72.054519}
}

@article{Delannoy,
  title = {Low-energy theory of the $t\ensuremath{-}{t}^{\ensuremath{'}}\ensuremath{-}{t}^{\ensuremath{''}}\ensuremath{-}U$ Hubbard model at half-filling: Interaction strengths in cuprate superconductors and an effective spin-only description of ${\text{La}}_{2}{\text{CuO}}_{4}$},
  author = {Delannoy, J.-Y. P. and Gingras, M. J. P. and Holdsworth, P. C. W. and Tremblay, A.-M. S.},
  journal = {Phys. Rev. B},
  volume = {79},
  issue = {23},
  pages = {235130},
  numpages = {22},
  year = {2009},
  month = {Jun},
  publisher = {American Physical Society},
  doi = {10.1103/PhysRevB.79.235130},
  url = {https://link.aps.org/doi/10.1103/PhysRevB.79.235130}
}

@article{Oka_2003,
  title = {Breakdown of a Mott Insulator: A Nonadiabatic Tunneling Mechanism},
  author = {Oka, Takashi and Arita, Ryotaro and Aoki, Hideo},
  journal = {Phys. Rev. Lett.},
  volume = {91},
  issue = {6},
  pages = {066406},
  numpages = {4},
  year = {2003},
  month = {Aug},
  publisher = {American Physical Society},
  doi = {10.1103/PhysRevLett.91.066406},
  url = {https://link.aps.org/doi/10.1103/PhysRevLett.91.066406}
}

@article{Oka_2005,
  title = {Ground-State Decay Rate for the Zener Breakdown in Band and Mott Insulators},
  author = {Oka, Takashi and Aoki, Hideo},
  journal = {Phys. Rev. Lett.},
  volume = {95},
  issue = {13},
  pages = {137601},
  numpages = {4},
  year = {2005},
  month = {Sep},
  publisher = {American Physical Society},
  doi = {10.1103/PhysRevLett.95.137601},
  url = {https://link.aps.org/doi/10.1103/PhysRevLett.95.137601}
}

@article{Oka_2010,
  title = {Dielectric breakdown in a Mott insulator: Many-body Schwinger-Landau-Zener mechanism studied with a generalized Bethe ansatz},
  author = {Oka, Takashi and Aoki, Hideo},
  journal = {Phys. Rev. B},
  volume = {81},
  issue = {3},
  pages = {033103},
  numpages = {4},
  year = {2010},
  month = {Jan},
  publisher = {American Physical Society},
  doi = {10.1103/PhysRevB.81.033103},
  url = {https://link.aps.org/doi/10.1103/PhysRevB.81.033103}
}

@article{Oka_2012,
  title = {Nonlinear doublon production in a Mott insulator: Landau-Dykhne method applied to an integrable model},
  author = {Oka, Takashi},
  journal = {Phys. Rev. B},
  volume = {86},
  issue = {7},
  pages = {075148},
  numpages = {13},
  year = {2012},
  month = {Aug},
  publisher = {American Physical Society},
  doi = {10.1103/PhysRevB.86.075148},
  url = {https://link.aps.org/doi/10.1103/PhysRevB.86.075148}
}


@article{PhysRevB.99.019902,
  title = {Erratum: Brillouin-Wigner theory for high-frequency expansion in periodically driven systems: Application to Floquet topological insulators [Phys. Rev. B 93, 144307 (2016)]},
  author = {Mikami, Takahiro and Kitamura, Sota and Yasuda, Kenji and Tsuji, Naoto and Oka, Takashi and Aoki, Hideo},
  journal = {Phys. Rev. B},
  volume = {99},
  issue = {1},
  pages = {019902},
  numpages = {1},
  year = {2019},
  month = {Jan},
  publisher = {American Physical Society},
  doi = {10.1103/PhysRevB.99.019902},
  url = {https://link.aps.org/doi/10.1103/PhysRevB.99.019902}
}

@article{PhysRevB.84.035122,
  title = {Thermalization of a pump-excited Mott insulator},
  author = {Eckstein, Martin and Werner, Philipp},
  journal = {Phys. Rev. B},
  volume = {84},
  issue = {3},
  pages = {035122},
  numpages = {8},
  year = {2011},
  month = {Jul},
  publisher = {American Physical Society},
  doi = {10.1103/PhysRevB.84.035122},
  url = {https://link.aps.org/doi/10.1103/PhysRevB.84.035122}
}


@article{Burnett_1989,
author = {N. H. Burnett and P. B. Corkum},
journal = {J. Opt. Soc. Am. B},
keywords = {Cold electrons; Electric fields; Extreme ultraviolet lasers; Gas lasers; Multiphoton ionization; Ultraviolet lasers},
number = {6},
pages = {1195--1199},
publisher = {OSA},
title = {Cold-plasma production for recombination extreme-ultraviolet lasers by optical-field-induced ionization},
volume = {6},
month = {Jun},
year = {1989},
url = {http://josab.osa.org/abstract.cfm?URI=josab-6-6-1195},
doi = {10.1364/JOSAB.6.001195},
}


@article{PhysRevLett.120.166401,
  title = {Ultrafast Doublon Dynamics in Photoexcited $1T$-${\mathrm{TaS}}_{2}$},
  author = {Ligges, M. and Avigo, I. and Gole\ifmmode \check{z}\else \v{z}\fi{}, D. and Strand, H. U. R. and Beyazit, Y. and Hanff, K. and Diekmann, F. and Stojchevska, L. and Kall\"ane, M. and Zhou, P. and Rossnagel, K. and Eckstein, M. and Werner, P. and Bovensiepen, U.},
  journal = {Phys. Rev. Lett.},
  volume = {120},
  issue = {16},
  pages = {166401},
  numpages = {5},
  year = {2018},
  month = {Apr},
  publisher = {American Physical Society},
  doi = {10.1103/PhysRevLett.120.166401},
  url = {https://link.aps.org/doi/10.1103/PhysRevLett.120.166401}
}

@article{Werner_2015,
	doi = {10.1209/0295-5075/109/37002},
	url = {https://doi.org/10.1209%2F0295-5075%2F109%2F37002},
	year = 2015,
	month = {feb},
	publisher = {{IOP} Publishing},
	volume = {109},
	number = {3},
	pages = {37002},
	author = {Philipp Werner and Martin Eckstein},
	title = {Field-induced polaron formation in the Holstein-Hubbard model},
	journal = {{EPL} (Europhysics Letters)},
}


@article{nessi,
    title={NESSi: The Non-Equilibrium Systems Simulation package},
    author={Michael Schüler and Denis Golež and Yuta Murakami and Nikolaj Bittner and Andreas Hermann and Hugo U. R. Strand and Philipp Werner and Martin Eckstein},
    year={2019},
    eprint={1911.01211},
    archivePrefix={arXiv},
    primaryClass={cs.CE}
}


