@article{PhysRevB.72.115106,
  title = {Correlation effects in electronic structure of actinide monochalcogenides},
  author = {Pourovskii, L. V. and Katsnelson, M. I. and Lichtenstein, A. I.},
  journal = {Phys. Rev. B},
  volume = {72},
  issue = {11},
  pages = {115106},
  numpages = {8},
  year = {2005},
  month = {Sep},
  publisher = {American Physical Society},
  doi = {10.1103/PhysRevB.72.115106},
  url = {https://link.aps.org/doi/10.1103/PhysRevB.72.115106}
}
@article{PhysRevB.92.195123,
  title = {Dynamics of screening in photodoped Mott insulators},
  author = {Gole\ifmmode \check{z}\else \v{z}\fi{}, Denis and Eckstein, Martin and Werner, Philipp},
  journal = {Phys. Rev. B},
  volume = {92},
  issue = {19},
  pages = {195123},
  numpages = {17},
  year = {2015},
  month = {Nov},
  publisher = {American Physical Society},
  doi = {10.1103/PhysRevB.92.195123},
  url = {https://link.aps.org/doi/10.1103/PhysRevB.92.195123}
}
@article{PhysRevLett.114.246402,
  title = {Bad-Metal Behavior Reveals Mott Quantum Criticality in Doped Hubbard Models},
  author = {Vu\ifmmode \check{c}\else \v{c}\fi{}i\ifmmode \check{c}\else \v{c}\fi{}evi\ifmmode \acute{c}\else \'{c}\fi{}, J. and Tanaskovi\ifmmode \acute{c}\else \'{c}\fi{}, D. and Rozenberg, M. J. and Dobrosavljevi\ifmmode \acute{c}\else \'{c}\fi{}, V.},
  journal = {Phys. Rev. Lett.},
  volume = {114},
  issue = {24},
  pages = {246402},
  numpages = {5},
  year = {2015},
  month = {Jun},
  publisher = {American Physical Society},
  doi = {10.1103/PhysRevLett.114.246402},
  url = {https://link.aps.org/doi/10.1103/PhysRevLett.114.246402}
}
@article{PhysRevB.57.6884,
  title = {Ab initio calculations of quasiparticle band structure in correlated systems: LDA++ approach},
  author = {Lichtenstein, A. I. and Katsnelson, M. I.},
  journal = {Phys. Rev. B},
  volume = {57},
  issue = {12},
  pages = {6884--6895},
  numpages = {0},
  year = {1998},
  month = {Mar},
  publisher = {American Physical Society},
  doi = {10.1103/PhysRevB.57.6884},
  url = {https://link.aps.org/doi/10.1103/PhysRevB.57.6884}
}
@ARTICLE{2005JPCM...17...61D,
   author = {{Drchal}, V. and {Janis}, V. and {Kudrnovsk{\'y}}, J. and {Oudovenko}, V.~S. and 
	{Dai}, X. and {Haule}, K. and {Kotliar}, G.},
    title = "{Dynamical correlations in multiorbital Hubbard models: fluctuation exchange approximations}",
  journal = {Journal of Physics Condensed Matter},
   eprint = {cond-mat/0307682},
     year = 2005,
    month = jan,
   volume = 17,
    pages = {61-74},
      doi = {10.1088/0953-8984/17/1/007},
   adsurl = {http://adsabs.harvard.edu/abs/2005JPCM...17...61D},
  adsnote = {Provided by the SAO/NASA Astrophysics Data System}
}