%The Many-Body Problem 
@article{doi:10.1002/andp.19273892002,
author = {Born, M. and Oppenheimer, R.},
title = {Zur Quantentheorie der Molekeln},
journal = {Annalen der Physik},
volume = {389},
number = {20},
pages = {457-484},
doi = {10.1002/andp.19273892002},
url = {https://onlinelibrary.wiley.com/doi/abs/10.1002/andp.19273892002},
year = {1927}
}
@article{RevModPhys.71.1253,
  title = {Nobel Lecture: Electronic structure of matter---wave functions and density functionals},
  author = {Kohn, W.},
  journal = {Rev. Mod. Phys.},
  volume = {71},
  issue = {5},
  pages = {1253--1266},
  numpages = {0},
  year = {1999},
  month = {Oct},
  publisher = {American Physical Society},
  doi = {10.1103/RevModPhys.71.1253},
  url = {https://link.aps.org/doi/10.1103/RevModPhys.71.1253}
}
%DFT \citep{RevModPhys.61.689}
@article{RevModPhys.61.689,
  title = {The density functional formalism, its applications and prospects},
  author = {Jones, R. O. and Gunnarsson, O.},
  journal = {Rev. Mod. Phys.},
  volume = {61},
  issue = {3},
  pages = {689--746},
  numpages = {0},
  year = {1989},
  month = {Jul},
  publisher = {American Physical Society},
  doi = {10.1103/RevModPhys.61.689},
  url = {https://link.aps.org/doi/10.1103/RevModPhys.61.689}
}
@article{PhysRev.136.B864,
  title = {Inhomogeneous Electron Gas},
  author = {Hohenberg, P. and Kohn, W.},
  journal = {Phys. Rev.},
  volume = {136},
  issue = {3B},
  pages = {B864--B871},
  numpages = {0},
  year = {1964},
  month = {Nov},
  publisher = {American Physical Society},
  doi = {10.1103/PhysRev.136.B864},
  url = {https://link.aps.org/doi/10.1103/PhysRev.136.B864}
}
@article{PhysRev.140.A1133,
  title = {Self-Consistent Equations Including Exchange and Correlation Effects},
  author = {Kohn, W. and Sham, L. J.},
  journal = {Phys. Rev.},
  volume = {140},
  issue = {4A},
  pages = {A1133--A1138},
  numpages = {0},
  year = {1965},
  month = {Nov},
  publisher = {American Physical Society},
  doi = {10.1103/PhysRev.140.A1133},
  url = {https://link.aps.org/doi/10.1103/PhysRev.140.A1133}
}
@article {Levy6062,
	author = {Levy, Mel},
	title = {Universal variational functionals of electron densities, first-order density matrices, and natural spin-orbitals and solution of the v-representability problem},
	volume = {76},
	number = {12},
	pages = {6062--6065},
	year = {1979},
	doi = {10.1073/pnas.76.12.6062},
	publisher = {National Academy of Sciences},
	issn = {0027-8424},
	URL = {https://www.pnas.org/content/76/12/6062},
	eprint = {https://www.pnas.org/content/76/12/6062.full.pdf},
	journal = {Proceedings of the National Academy of Sciences}
}
%Kohn-Sham equations \citep{Niesert:15621}
@article{d708ea4e-b296-4065-a471-c6f480e1d50e,
  author       = {von Barth, Ulf and Hedin, Lars},
  language     = {eng},
  number       = {13},
  pages        = {1629--1642},
  publisher    = {IOP Publishing},
  series       = {Journal of Physics C: Solid State Physics},
  title        = {A local exchange-correlation potential for the spin polarized case: I},
  volume       = {5},
  year         = {1972},
}
@article{PANT19721157,
title = "Theory of inhomogeneous magnetic electron gas",
journal = "Solid State Communications",
volume = "10",
number = "12",
pages = "1157 - 1160",
year = "1972",
issn = "0038-1098",
doi = "10.1016/0038-1098(72)90934-9",
url = "http://www.sciencedirect.com/science/article/pii/0038109872909349",
author = "M.M. Pant and A.K. Rajagopal"
}
@article{PhysRevLett.45.566,
  title = {Ground State of the Electron Gas by a Stochastic Method},
  author = {Ceperley, D. M. and Alder, B. J.},
  journal = {Phys. Rev. Lett.},
  volume = {45},
  issue = {7},
  pages = {566--569},
  numpages = {0},
  year = {1980},
  month = {Aug},
  publisher = {American Physical Society},
  doi = {10.1103/PhysRevLett.45.566},
  url = {https://link.aps.org/doi/10.1103/PhysRevLett.45.566}
}
@article{doi:10.1139/p80-159,
author = {Vosko, S. H. and Wilk, L. and Nusair, M.},
title = {Accurate spin-dependent electron liquid correlation energies for local spin density calculations: a critical analysis},
journal = {Canadian Journal of Physics},
volume = {58},
number = {8},
pages = {1200-1211},
year = {1980},
doi = {10.1139/p80-159},
URL = {https://doi.org/10.1139/p80-159}
}
@PHDTHESIS{Niesert:15621,
      author       = {Niesert, M.},
      title        = {{A}b initio {C}alculations of {S}pin-{W}ave {E}xcitation
                      {S}pectra from {T}ime-{D}ependent {D}ensity-{F}unctional
                      {T}heory},
      volume       = {38},
      issn         = {1866-1807},
      school       = {RWTH Aachen},
      type         = {Dr. (Univ.)},
      reportid     = {PreJuSER-15621},
      series       = {Schriften des Forschungszentrums Jülich :
                      Schlüsseltechnologien / Key Technologies},
      year         = {2011},
      note         = {Record converted from VDB: 12.11.2012; Aachen, RWTH, Diss.,
                      2011},
      cin          = {PGI-1 / IAS-1},
      cid          = {I:(DE-Juel1)PGI-1-20110106 / I:(DE-Juel1)IAS-1-20090406},
      pnm          = {Grundlagen für zukünftige Informationstechnologien},
      pid          = {G:(DE-Juel1)FUEK412},
      typ          = {PUB:(DE-HGF)11 / PUB:(DE-HGF)3},
      url          = {http://juser.fz-juelich.de/record/15621},
}
@PHDTHESIS{Gorni_Tommaso_PhD,
      author       = {Gorni, T.},
      title        = {Spin-fluctuation spectra in magnetic systems: a novel approach based on TDDFT},
      type         = {Dr. (Univ.)},
      year         = {2016},
      url          = {http://hdl.handle.net/20.500.11767/43342}
}
%FLAPW \citep{Marques_Gross_TDDFT}
@article{PhysRev.51.846,
  title = {Wave Functions in a Periodic Potential},
  author = {Slater, J. C.},
  journal = {Phys. Rev.},
  volume = {51},
  issue = {10},
  pages = {846--851},
  numpages = {0},
  year = {1937},
  month = {May},
  publisher = {American Physical Society},
  doi = {10.1103/PhysRev.51.846},
  url = {https://link.aps.org/doi/10.1103/PhysRev.51.846}
}
@incollection{SLATER196435,
title = "Energy Band Calculations by the Augmented Plane Wave Method**The research reported in this paper has been assisted by the National Science Foundation and the Office of Naval Research, as well as by the Army, Navy, and Air Force.",
editor = "Per-Olov Löwdin",
series = "Advances in Quantum Chemistry",
publisher = "Academic Press",
volume = "1",
pages = "35 - 58",
year = "1964",
issn = "0065-3276",
doi = "10.1016/S0065-3276(08)60374-3",
url = "http://www.sciencedirect.com/science/article/pii/S0065327608603743",
author = "J.C. Slater",
}
@article{PhysRevB.12.3060,
  title = {Linear methods in band theory},
  author = {Andersen, O. Krogh},
  journal = {Phys. Rev. B},
  volume = {12},
  issue = {8},
  pages = {3060--3083},
  numpages = {0},
  year = {1975},
  month = {Oct},
  publisher = {American Physical Society},
  doi = {10.1103/PhysRevB.12.3060},
  url = {https://link.aps.org/doi/10.1103/PhysRevB.12.3060}
}
@article{PhysRevB.2.290,
  title = {Alternative Augmented-Plane-Wave Technique: Theory and Application to Copper},
  author = {Koelling, Dale Dean},
  journal = {Phys. Rev. B},
  volume = {2},
  issue = {2},
  pages = {290--298},
  numpages = {0},
  year = {1970},
  month = {Jul},
  publisher = {American Physical Society},
  doi = {10.1103/PhysRevB.2.290},
  url = {https://link.aps.org/doi/10.1103/PhysRevB.2.290}
}
@article{1b377df636c341958da06dc78aafa8d1,
title = "Full-potential self-consistent linearized-augmented-plane-wave method for calculating the electronic structure of molecules and surfaces: O2 molecule",
author = "E. Wimmer and H. Krakauer and M. Weinert and Freeman, {A. J.}",
year = "1981",
doi = "10.1103/PhysRevB.24.864",
language = "English",
volume = "24",
pages = "864--875",
journal = "Physical Review B-Condensed Matter",
issn = "1098-0121",
publisher = "American Physical Society",
number = "2"
}
@article{PhysRevLett.42.662,
  title = {Semiconductor Charge Densities with Hard-Core and Soft-Core Pseudopotentials},
  author = {Hamann, D. R.},
  journal = {Phys. Rev. Lett.},
  volume = {42},
  issue = {10},
  pages = {662--665},
  numpages = {0},
  year = {1979},
  month = {Mar},
  publisher = {American Physical Society},
  doi = {10.1103/PhysRevLett.42.662},
  url = {https://link.aps.org/doi/10.1103/PhysRevLett.42.662}
}
@article{PhysRevB.30.561,
  title = {Total-energy full-potential linearized augmented-plane-wave method for bulk solids: Electronic and structural properties of tungsten},
  author = {Jansen, H. J. F. and Freeman, A. J.},
  journal = {Phys. Rev. B},
  volume = {30},
  issue = {2},
  pages = {561--569},
  numpages = {0},
  year = {1984},
  month = {Jul},
  publisher = {American Physical Society},
  doi = {10.1103/PhysRevB.30.561},
  url = {https://link.aps.org/doi/10.1103/PhysRevB.30.561}
}
@PHDTHESIS{Freimuth:15619,
      author       = {Freimuth, F.},
      title        = {{A}n {E}fficient {F}ull-{P}otential {L}inearized
                      {A}ugmented-{P}lane-{W}ave {E}lectronic {S}tructure {M}ethod
                      for {C}harge and {S}pin {T}ransport through realistic
                      {N}anoferronic {J}unctions},
      school       = {RWTH Aachen},
      type         = {Dr. (Univ.)},
      reportid     = {PreJuSER-15619},
      year         = {2011},
      note         = {Record converted from VDB: 12.11.2012; Aachen, RWTH, Diss.,
                      2011},
      cin          = {PGI-1 / IAS-1},
      cid          = {I:(DE-Juel1)PGI-1-20110106 / I:(DE-Juel1)IAS-1-20090406},
      pnm          = {Grundlagen für zukünftige Informationstechnologien},
      pid          = {G:(DE-Juel1)FUEK412},
      typ          = {PUB:(DE-HGF)11},
      url          = {http://juser.fz-juelich.de/record/15619}
}
@PHDTHESIS{Mokrousov:61374,
      author       = {Mokrousov, Y.},
      title        = {{A}b initio all-electron full-potential linearized
                      augmented plane-wave method for one-dimensional systems},
      school       = {RWTH Aachen},
      type         = {Dr. (Univ.)},
      address      = {Aachen},
      publisher    = {RWTH},
      reportid     = {PreJuSER-61374},
      year         = {2005},
      note         = {Record converted from VDB: 12.11.2012; Aachen, RWTH, Diss.,
                      2005},
      cin          = {IFF-1},
      cid          = {I:(DE-Juel1)VDB781},
      pnm          = {Kondensierte Materie},
      pid          = {G:(DE-Juel1)FUEK414},
      typ          = {PUB:(DE-HGF)11},
      url          = {http://juser.fz-juelich.de/record/61374},
}
% Time-dependent density-functional theory \citep{Niesert:15621}
@BOOK{Marques_Gross_TDDFT,
  TITLE = {Time-Dependent Density Functional Theory},
  author = {A. L. Marques, Miguel and A. Ullrich, Carsten and Nogueira, Fernando and Rubio, Angel and Burke, Kieron and Gross, Eberhard},
  YEAR = {2006},
  PUBLISHER = {Springer, Berlin, Heidelberg},
  doi = {10.1007/b11767107}
}
@article{PhysRevLett.52.997,
  title = {Density-Functional Theory for Time-Dependent Systems},
  author = {Runge, Erich and Gross, E. K. U.},
  journal = {Phys. Rev. Lett.},
  volume = {52},
  issue = {12},
  pages = {997--1000},
  numpages = {0},
  year = {1984},
  month = {Mar},
  publisher = {American Physical Society},
  doi = {10.1103/PhysRevLett.52.997},
  url = {https://link.aps.org/doi/10.1103/PhysRevLett.52.997}
}
% article 
@BOOK{MoriyaBook,
  TITLE = {Spin fluctuations in itinerant electron magnetism},
  author = {T. Moriya},
  YEAR = {1985},
  PUBLISHER = {Springer, Berlin},
  doi = {https://doi.org/10.1007/978-3-642-82499-9}
}
@BOOK{TakahashiBook,
  TITLE = {Spin Fluctuation Theory of Itinerant Electron Magnetism},
  author = {Y. Takahashi},
  YEAR = {2013},
  PUBLISHER = {Springer-Verlag Berlin Heidelberg},
  doi = {10.1007/978-3-642-36666-6}
}
@BOOK{SolontsovBook,
  TITLE = {Itinerant Electron Magnetism: Fluctuation Effects},
  author = {Eds. D. Wagner, W. Brauneck, and A. Solontsov},
  YEAR = {1998},
  PUBLISHER = {Kluwer Academic Publishers, Dordrecht},
  doi = {10.1007/978-3-642-82499-9}
}
@BOOK{KimBook,
  TITLE = {New Perspectives in Magnetism of Metals},
  author = {D. J. Kim},
  YEAR = {1999},
  PUBLISHER = {Kluwer Academic/Plenum Publishers, New York},
}
@article{QCPReview,
  title = {Metallic quantum ferromagnets},
  author = {Brando, M. and Belitz, D. and Grosche, F. M. and Kirkpatrick, T. R.},
  journal = {Rev. Mod. Phys.},
  volume = {88},
  issue = {2},
  pages = {025006},
  numpages = {71},
  year = {2016},
  month = {May},
  publisher = {American Physical Society},
  doi = {10.1103/RevModPhys.88.025006},
  url = {https://link.aps.org/doi/10.1103/RevModPhys.88.025006}
}
@ARTICLE{Kubo,
   author = {{Kubo}, R.},
    title = "{The fluctuation-dissipation theorem}",
  journal = {Reports on Progress in Physics},
     year = 1966,
    month = jan,
   volume = 29,
    pages = {255-284},
      doi = {10.1088/0034-4885/29/1/306},
   adsurl = {https://ui.adsabs.harvard.edu/abs/1966RPPh...29..255K},
}
@article{Dai,
  title = {Antiferromagnetic order and spin dynamics in iron-based superconductors},
  author = {Dai, Pengcheng},
  journal = {Rev. Mod. Phys.},
  volume = {87},
  issue = {3},
  pages = {855--896},
  numpages = {42},
  year = {2015},
  month = {Aug},
  publisher = {American Physical Society},
  doi = {10.1103/RevModPhys.87.855},
  url = {https://link.aps.org/doi/10.1103/RevModPhys.87.855}
}
@BOOK{exp,
  TITLE = {Polarized electrons in surface physics},
  author = {Eds. R. Feder},
  YEAR = {1985},
  PUBLISHER = {World Scientific, Singapore},
}
@BOOK{ultrafast,
  TITLE = {Ultrafast Magnetism I},
  author = {Eds. J-Y. Bigot, W. H{\"u}bner, T. Rasing, and R. Chantrell},
  YEAR = {2013},
  PUBLISHER = {Springer International Publishing},
  doi = {10.1007/978-3-319-07743-7}
}
@article{Savrasov,
  title = {Linear Response Calculations of Spin Fluctuations},
  author = {Savrasov, S. Y.},
  journal = {Phys. Rev. Lett.},
  volume = {81},
  issue = {12},
  pages = {2570--2573},
  numpages = {0},
  year = {1998},
  month = {Sep},
  publisher = {American Physical Society},
  doi = {10.1103/PhysRevLett.81.2570},
  url = {https://link.aps.org/doi/10.1103/PhysRevLett.81.2570}
}
@article{Staunton,
  title = {Incommensurate and Commensurate Antiferromagnetic Spin Fluctuations in Cr and Cr Alloys from Ab Initio Dynamical Spin Susceptibility Calculations},
  author = {Staunton, J. B. and Poulter, J. and Ginatempo, B. and Bruno, E. and Johnson, D. D.},
  journal = {Phys. Rev. Lett.},
  volume = {82},
  issue = {16},
  pages = {3340--3343},
  numpages = {0},
  year = {1999},
  month = {Apr},
  publisher = {American Physical Society},
  doi = {10.1103/PhysRevLett.82.3340},
  url = {https://link.aps.org/doi/10.1103/PhysRevLett.82.3340}
}
@article{Costa,
  title = {Theory of large-wave-vector spin waves in ultrathin ferromagnetic films: Sensitivity to electronic structure},
  author = {Costa, A. T. and Muniz, R. B. and Mills, D. L.},
  journal = {Phys. Rev. B},
  volume = {70},
  issue = {5},
  pages = {054406},
  numpages = {8},
  year = {2004},
  month = {Aug},
  publisher = {American Physical Society},
  doi = {10.1103/PhysRevB.70.054406},
  url = {https://link.aps.org/doi/10.1103/PhysRevB.70.054406}
}
@article{Buczek,
  title = {Different dimensionality trends in the Landau damping of magnons in iron, cobalt, and nickel: Time-dependent density functional study},
  author = {Buczek, Pawe\l{} and Ernst, Arthur and Sandratskii, Leonid M.},
  journal = {Phys. Rev. B},
  volume = {84},
  issue = {17},
  pages = {174418},
  numpages = {23},
  year = {2011},
  month = {Nov},
  publisher = {American Physical Society},
  doi = {10.1103/PhysRevB.84.174418},
  url = {https://link.aps.org/doi/10.1103/PhysRevB.84.174418}
}
@article{Bergara,
  title = {Efficient computation of magnon dispersions within time-dependent density functional theory using maximally localized Wannier functions},
  author = {Rousseau, Bruno and Eiguren, Asier and Bergara, Aitor},
  journal = {Phys. Rev. B},
  volume = {85},
  issue = {5},
  pages = {054305},
  numpages = {15},
  year = {2012},
  month = {Feb},
  publisher = {American Physical Society},
  doi = {10.1103/PhysRevB.85.054305},
  url = {https://link.aps.org/doi/10.1103/PhysRevB.85.054305}
}
@article{Lounis,
  title = {Transverse dynamical magnetic susceptibilities from regular static density functional theory: Evaluation of damping and $g$ shifts of spin excitations},
  author = {Lounis, Samir and dos Santos Dias, Manuel and Schweflinghaus, Benedikt},
  journal = {Phys. Rev. B},
  volume = {91},
  issue = {10},
  pages = {104420},
  numpages = {6},
  year = {2015},
  month = {Mar},
  publisher = {American Physical Society},
  doi = {10.1103/PhysRevB.91.104420},
  url = {https://link.aps.org/doi/10.1103/PhysRevB.91.104420}
}
@article{Schilfgaarde,
	doi = {10.1088/0953-8984/20/29/295214},
	url = {https://doi.org/10.1088%2F0953-8984%2F20%2F29%2F295214},
	year = 2008,
	month = {jul},
	publisher = {{IOP} Publishing},
	volume = {20},
	number = {29},
	pages = {295214},
	author = {Takao Kotani and Mark van Schilfgaarde},
	title = {Spin wave dispersion based on the quasiparticle self-{consistentGWmethod}: {NiO}, {MnO} and $\alpha$-{MnAs}},
	journal = {Journal of Physics: Condensed Matter},
}
@article{Blugel,
  title = {Wannier-function approach to spin excitations in solids},
  author = {\ifmmode \mbox{\c{S}}\else \c{S}\fi{}a\ifmmode \mbox{\c{s}}\else \c{s}\fi{}\ifmmode \imath \else \i \fi{}o\ifmmode \breve{g}\else \u{g}\fi{}lu, Ersoy and Schindlmayr, Arno and Friedrich, Christoph and Freimuth, Frank and Bl\"ugel, Stefan},
  journal = {Phys. Rev. B},
  volume = {81},
  issue = {5},
  pages = {054434},
  numpages = {16},
  year = {2010},
  month = {Feb},
  publisher = {American Physical Society},
  doi = {10.1103/PhysRevB.81.054434},
  url = {https://link.aps.org/doi/10.1103/PhysRevB.81.054434}
}
@article{Shimizu,
title = "Effects of spin fluctuations in transition metals and compounds",
journal = "Journal of Magnetism and Magnetic Materials",
volume = "31-34",
pages = "299 - 300",
year = "1983",
issn = "0304-8853",
doi = "https://doi.org/10.1016/0304-8853(83)90257-3",
url = "http://www.sciencedirect.com/science/article/pii/0304885383902573",
author = "M. Shimizu"
}
@article{Lonzarich,
title = "Quasiparticles and magnetic fluctuations in metals with large magnetic susceptibilities",
journal = "Journal of Magnetism and Magnetic Materials",
volume = "70",
number = "1",
pages = "445 - 450",
year = "1987",
issn = "0304-8853",
doi = "https://doi.org/10.1016/0304-8853(87)90500-2",
url = "http://www.sciencedirect.com/science/article/pii/0304885387905002",
author = "G.G. Lonzarich"
}
@article{Solontsov,
  title = {Zero-point spin fluctuations and the magnetovolume effect in itinerant-electron magnetism},
  author = {Solontsov, A. Z. and Wagner, D.},
  journal = {Phys. Rev. B},
  volume = {51},
  issue = {18},
  pages = {12410--12417},
  numpages = {0},
  year = {1995},
  month = {May},
  publisher = {American Physical Society},
  doi = {10.1103/PhysRevB.51.12410},
  url = {https://link.aps.org/doi/10.1103/PhysRevB.51.12410}
}
@article{Solontsov2,
  title = {Effects of spin fluctuations and anomalous thermal expansion of $\ensuremath{\delta}\text{-Pu}$},
  author = {Solontsov, A. and Antropov, V. P.},
  journal = {Phys. Rev. B},
  volume = {81},
  issue = {21},
  pages = {214402},
  numpages = {5},
  year = {2010},
  month = {Jun},
  publisher = {American Physical Society},
  doi = {10.1103/PhysRevB.81.214402},
  url = {https://link.aps.org/doi/10.1103/PhysRevB.81.214402}
}
@article{Antropov,
author = {Antropov,V. P.  and Solontsov,A. },
title = {The influence of quantum spin fluctuations on magnetic instability},
journal = {Journal of Applied Physics},
volume = {109},
number = {7},
pages = {07E116},
year = {2011},
doi = {10.1063/1.3549656},
URL = {https://doi.org/10.1063/1.3549656},
eprint = {https://doi.org/10.1063/1.3549656}
}
@article{Kotliar,
  title = {Electronic structure calculations with dynamical mean-field theory},
  author = {Kotliar, G. and Savrasov, S. Y. and Haule, K. and Oudovenko, V. S. and Parcollet, O. and Marianetti, C. A.},
  journal = {Rev. Mod. Phys.},
  volume = {78},
  issue = {3},
  pages = {865--951},
  numpages = {0},
  year = {2006},
  month = {Aug},
  publisher = {American Physical Society},
  doi = {10.1103/RevModPhys.78.865},
  url = {https://link.aps.org/doi/10.1103/RevModPhys.78.865}
}
@article{Zein,
  title = {Self-Consistent Green Function Approach for Calculation of Electronic Structure in Transition Metals},
  author = {Zein, N. E. and Antropov, V. P.},
  journal = {Phys. Rev. Lett.},
  volume = {89},
  issue = {12},
  pages = {126402},
  numpages = {4},
  year = {2002},
  month = {Aug},
  publisher = {American Physical Society},
  doi = {10.1103/PhysRevLett.89.126402},
  url = {https://link.aps.org/doi/10.1103/PhysRevLett.89.126402}
}
@article{Lichtenstein,
  title = {Finite-Temperature Magnetism of Transition Metals: An ab initio Dynamical Mean-Field Theory},
  author = {Lichtenstein, A. I. and Katsnelson, M. I. and Kotliar, G.},
  journal = {Phys. Rev. Lett.},
  volume = {87},
  issue = {6},
  pages = {067205},
  numpages = {4},
  year = {2001},
  month = {Jul},
  publisher = {American Physical Society},
  doi = {10.1103/PhysRevLett.87.067205},
  url = {https://link.aps.org/doi/10.1103/PhysRevLett.87.067205}
}
@article{Yin,
  title = {Kinetic frustration and the nature of the magnetic and paramagnetic states in iron pnictides and iron chalcogenides},
  author = {Yin, Z. P. Haule, K. Kotliar, G.},
  journal = {Nature Materials},
  volume = {10},
  year = {2011},
  publisher = {Nature Publishing Group},
  url = {https://doi.org/10.1038/nmat3120}
}
@article{Igoshev,
  title = {Magnetic exchange in $\ensuremath{\alpha}$-iron from ab initio calculations in the paramagnetic phase},
  author = {Igoshev, P. A. and Efremov, A. V. and Katanin, A. A.},
  journal = {Phys. Rev. B},
  volume = {91},
  issue = {19},
  pages = {195123},
  numpages = {6},
  year = {2015},
  month = {May},
  publisher = {American Physical Society},
  doi = {10.1103/PhysRevB.91.195123},
  url = {https://link.aps.org/doi/10.1103/PhysRevB.91.195123}
}
@article{Wysocki,
  title = {Strength and scales of itinerant spin fluctuations in $3d$ paramagnetic metals},
  author = {Wysocki, Aleksander L. and Kutepov, Andrey and Antropov, Vladimir P.},
  journal = {Phys. Rev. B},
  volume = {94},
  issue = {14},
  pages = {140405},
  numpages = {5},
  year = {2016},
  month = {Oct},
  publisher = {American Physical Society},
  doi = {10.1103/PhysRevB.94.140405},
  url = {https://link.aps.org/doi/10.1103/PhysRevB.94.140405}
}
@article{Gross,
  title = {Local density-functional theory of frequency-dependent linear response},
  author = {Gross, E. K. U. and Kohn, Walter},
  journal = {Phys. Rev. Lett.},
  volume = {55},
  issue = {26},
  pages = {2850--2852},
  numpages = {0},
  year = {1985},
  month = {Dec},
  publisher = {American Physical Society},
  doi = {10.1103/PhysRevLett.55.2850},
  url = {https://link.aps.org/doi/10.1103/PhysRevLett.55.2850}
}
@article{Edwards,
	doi = {10.1088/0305-4608/8/7/023},
	url = {https://doi.org/10.1088%2F0305-4608%2F8%2F7%2F023},
	year = 1978,
	month = {jul},
	publisher = {{IOP} Publishing},
	volume = {8},
	number = {7},
	pages = {1501--1512},
	author = {D M Edwards and M A Rahman},
	title = {The transverse dynamical susceptibility of ferromagnets and antiferromagnets within the local exchange approximation},
	journal = {Journal of Physics F: Metal Physics},
}
@article{Kutepov2,
  title = {Electronic structure of Pu and Am metals by self-consistent relativistic $GW$ method},
  author = {Kutepov, Andrey and Haule, Kristjan and Savrasov, Sergey Y. and Kotliar, Gabriel},
  journal = {Phys. Rev. B},
  volume = {85},
  issue = {15},
  pages = {155129},
  numpages = {22},
  year = {2012},
  month = {Apr},
  publisher = {American Physical Society},
  doi = {10.1103/PhysRevB.85.155129},
  url = {https://link.aps.org/doi/10.1103/PhysRevB.85.155129}
}
@article{Kutepov,
	doi = {10.1088/0953-8984/15/17/315},
	url = {https://doi.org/10.1088%2F0953-8984%2F15%2F17%2F315},
	year = 2003,
	month = {apr},
	publisher = {{IOP} Publishing},
	volume = {15},
	number = {17},
	pages = {2607--2624},
	author = {A L Kutepov and S G Kutepova},
	title = {Theab initioground state properties and magnetic structure of plutonium},
	journal = {Journal of Physics: Condensed Matter}
}
@article{PB,
  title = {Linear-muffin-tin-orbital method with multiple orbitals per L channel},
  author = {Aryasetiawan, F. and Gunnarsson, O.},
  journal = {Phys. Rev. B},
  volume = {49},
  issue = {11},
  pages = {7219--7232},
  numpages = {0},
  year = {1994},
  month = {Mar},
  publisher = {American Physical Society},
  doi = {10.1103/PhysRevB.49.7219},
  url = {https://link.aps.org/doi/10.1103/PhysRevB.49.7219}
}
@Article{Vidberg,
author="Vidberg, H. J.
and Serene, J. W.",
title="Solving the Eliashberg equations by means ofN-point Pad{\'e} approximants",
journal="Journal of Low Temperature Physics",
year="1977",
month="Nov",
day="01",
volume="29",
number="3",
pages="179--192",
issn="1573-7357",
doi="10.1007/BF00655090",
url="https://doi.org/10.1007/BF00655090"
}
@online{elk,
  url = {http://elk.sourceforge.net/},
}
@article{Lounis3,
  title = {Theory of local dynamical magnetic susceptibilities from the Korringa-Kohn-Rostoker Green function method},
  author = {Lounis, S. and Costa, A. T. and Muniz, R. B. and Mills, D. L.},
  journal = {Phys. Rev. B},
  volume = {83},
  issue = {3},
  pages = {035109},
  numpages = {12},
  year = {2011},
  month = {Jan},
  publisher = {American Physical Society},
  doi = {10.1103/PhysRevB.83.035109},
  url = {https://link.aps.org/doi/10.1103/PhysRevB.83.035109}
}
@article{Antropov2,
  title = {Spin dynamics in magnets: Equation of motion and finite temperature effects},
  author = {Antropov, V. P. and Katsnelson, M. I. and Harmon, B. N. and van Schilfgaarde, M. and Kusnezov, D.},
  journal = {Phys. Rev. B},
  volume = {54},
  issue = {2},
  pages = {1019--1035},
  numpages = {0},
  year = {1996},
  month = {Jul},
  publisher = {American Physical Society},
  doi = {10.1103/PhysRevB.54.1019},
  url = {https://link.aps.org/doi/10.1103/PhysRevB.54.1019}
}
@article{Lounis2,
  title = {Zero-Point Spin-Fluctuations of Single Adatoms},
  author = {Ibañez-Azpiroz, J. dos Santos Dias, M. Blügel, S. Lounis, S.},
  journal = {Nano Letters},
  volume = {16},
  issue = {7},
  year = {2016},
  month = {Jul},
  publisher = {American Chemical Society},
  doi = {10.1021/acs.nanolett.6b01344},
  url = {https://doi.org/10.1021/acs.nanolett.6b01344}
}
@article{RPA,
	doi = {10.1088/0953-8984/24/7/073201},
	url = {https://doi.org/10.1088%2F0953-8984%2F24%2F7%2F073201},
	year = 2012,
	month = {jan},
	publisher = {{IOP} Publishing},
	volume = {24},
	number = {7},
	pages = {073201},
	author = {John F Dobson and Tim Gould},
	title = {Calculation of dispersion energies},
	journal = {Journal of Physics: Condensed Matter}
}








