%
@article{RevModPhys_NEDMFT,
  title = {Nonequilibrium dynamical mean-field theory and its applications},
  author = {Aoki, Hideo and Tsuji, Naoto and Eckstein, Martin and Kollar, Marcus and Oka, Takashi and Werner, Philipp},
  journal = {Rev. Mod. Phys.},
  volume = {86},
  issue = {2},
  pages = {779--837},
  numpages = {59},
  year = {2014},
  month = {Jun},
  publisher = {American Physical Society},
  doi = {10.1103/RevModPhys.86.779},
  url = {https://link.aps.org/doi/10.1103/RevModPhys.86.779}
}
@article{RevModPhys_DMFT,
  title = {Dynamical mean-field theory of strongly correlated fermion systems and the limit of infinite dimensions},
  author = {Georges, Antoine and Kotliar, Gabriel and Krauth, Werner and Rozenberg, Marcelo J.},
  journal = {Rev. Mod. Phys.},
  volume = {68},
  issue = {1},
  pages = {13--125},
  numpages = {0},
  year = {1996},
  month = {Jan},
  publisher = {American Physical Society},
  doi = {10.1103/RevModPhys.68.13},
  url = {https://link.aps.org/doi/10.1103/RevModPhys.68.13}
}
@article{Damping_of_BO,
  title = {Damping of Bloch Oscillations in the Hubbard Model},
  author = {Eckstein, Martin and Werner, Philipp},
  journal = {Phys. Rev. Lett.},
  volume = {107},
  issue = {18},
  pages = {186406},
  numpages = {4},
  year = {2011},
  month = {Oct},
  publisher = {American Physical Society},
  doi = {10.1103/PhysRevLett.107.186406},
  url = {https://link.aps.org/doi/10.1103/PhysRevLett.107.186406}
}
