@article{PhysRevB.91.235114,
  title = {On the dangers of partial diagrammatic summations: Benchmarks for the two-dimensional Hubbard model in the weak-coupling regime},
  author = {Gukelberger, Jan and Huang, Li and Werner, Philipp},
  journal = {Phys. Rev. B},
  volume = {91},
  issue = {23},
  pages = {235114},
  numpages = {13},
  year = {2015},
  month = {Jun},
  publisher = {American Physical Society},
  doi = {10.1103/PhysRevB.91.235114},
  url = {https://link.aps.org/doi/10.1103/PhysRevB.91.235114}
}


